
#### journal_article ####



@article{ watts:ja:2012,
 author         = { Robert Watts and Claus Christmann and Eric N. Johnson and Karen Feigh and Panagiotis Tsiotras      },
 title          = { Development and Evaluation of an Automated Path Planning Aid        },
 journal        = { Journal of Aircraft },
 year           = { 2012      },




 note           = { Accepted.         },
}





@article{ chowdhary:jacic:2011,
 author         = { Girish Chowdhary and Sriram Srinivasan and Eric N. Johnson      },
 title          = { Frequency Domain Method for Real-Time Detection of Oscillations
        },
 journal        = { Journal of Aerospace Computing, Information, and Communication },
 year           = { 2011      },
 volume         = { 8       },
 number         = { 2       },
 pages          = { 42-52        },
 month          = { February},

}





@article{ chowdhary:jgcd:2010,
 author         = { Girish Chowdhary and Eric N. Johnson      },
 title          = { Theory and Flight-Test Validation of a Concurrent-Learning Adaptive Controller        },
 journal        = { Journal of Guidance Control and Dynamics },
 year           = { 2010      },
 volume         = { 34       },
 number         = { 2       },
 pages          = { 592-607        },
 month          = { March},

}





@article{ caballero:jirs:2009,
 author         = { F Caballero and L Merino and J Ferruz and A Ollero      },
 title          = { Vision-Based Odometry and SLAM for Medium and High Altitude Flying UAVs        },
 journal        = { Journal of Intelligent and Robotic Systems },
 year           = { 2009      },
 volume         = { 54       },
 number         = { 1       },

 month          = { March},

}





@article{ chowdhary:ast:2009,
 author         = { Girish Chowdhary and Ravindra Jategaonkar      },
 title          = { Aerodynamic Parameter Estimation from Flight Data Applying Extended and Unscented Kalman Filter        },
 journal        = { Journal of Aerospace Science and Technology },
 year           = { 2009      },
 volume         = { 14       },
 number         = { 2       },
 pages          = { 106-11        },
 month          = { March},
 note           = { March 2010, DOI: 10.1016/j.ast.2009.10.003         },
}





@article{ kendoul:autorobots:2009,
 author         = { Farid Kendoul and K Nonami and I Fantoni and R Lozano      },
 title          = { An Adaptive Vision-Based Autopilot for Mini Flying Machines Guidance, Navigation and Control        },
 journal        = { Autonomous Robots (Springer) },
 year           = { 2009      },
 volume         = { 27       },

 pages          = { 165-188        },


}





@article{ mariottini:itr:2009,
 author         = { Gian L. Mariottini and Fabio Morbidi and Domenico Prattichizzo and Nicholas V. Valk and Nathan Michael and George Pappas and Kostas Daniilidis      },
 title          = { Vision-Based Localization for Leader-Follower Formation Control        },
 journal        = { IEEE Transactions on Robotics },
 year           = { 2009      },
 volume         = { 25       },
 number         = { 6       },

 month          = { December},

}





@article{ vela:itcst:2009,
 author         = { Patricio Vela and Amir Betser and James Malcom and Allen Tannenbaum      },
 title          = { Vision-Based Range Regulation of a Leader-Follower Formation        },
 journal        = { IEEE Transactions on Control Systems Technology },
 year           = { 2009      },
 volume         = { 17       },
 number         = { 2       },
 pages          = { 442--448        },


}





@article{ yavrucuk:jgcd:2009,
 author         = { Ilkay Yavrucuk and Suraj Unnikrishnan and J. V. R. Prasad      },
 title          = {  Envelope Protection for Autonomous Unmanned Aerial Vehicles        },
 journal        = { Journal of Guidance Control and Dynamics },
 year           = { 2009      },
 volume         = { 32       },
 number         = { 1       },
 pages          = { 248-261        },
 month          = { January},

}





@article{ anderson:jirs:2008,
 author         = { Ryan Anderson and Girish Chowdhary and Eric N. Johnson      },
 title          = { Comparison  of   RBF  and  SHL  Neural  Network  Based  Adaptive  Control        },
 journal        = { Journal of Intelligent and Robotic Systems },
 year           = { 2008      },
 volume         = { 54       },
 number         = { 1       },
 pages          = { 183 199        },
 month          = { September},

}





@article{ ejohnson:jgcd:2008,
 author         = { Eric N. Johnson and Michael Turbe and Allen Wu and Suresh K. Kannan and James C. Neidhoefer      },
 title          = { Flight Test Results of Autonomous Fixed-Wing Transition to and from Stationary Hover        },
 journal        = { Journal of Guidance Control and Dynamics },
 year           = { 2008      },
 volume         = { 31       },
 number         = { 2       },
 pages          = { 358-370        },
 month          = { March},

}





@article{ lozano:ijc:2008,
 author         = { R Lozano and A Sanchez and A Salazar-Cruz and I Fantoni      },
 title          = { Discrete-time stabilization of integrators in cascade: real-time stabilization of a mini-rotorcraft        },
 journal        = { International Journal of Control },
 year           = { 2008      },
 volume         = { 81       },
 number         = { 6       },
 pages          = { 894-904        },
 month          = { June},

}





@article{ scherer:ijrr:2008,
 author         = { Sebastian Scherer and Sanjiv Singh and Lyle J. Chamberlain      },
 title          = { Flying Fast and Low Among Obstacles: Methodology and Experiments        },
 journal        = { The International Journal of Robotics Research },
 year           = { 2008      },
 volume         = { 27       },
 number         = { 5       },
 pages          = { 549-574        },
 month          = { May},

}





@article{ zhou:ijc:2008,
 author         = { Bin Zhou and Guang R. Duan      },
 title          = { A novel nested non-linear feedback law for global stabilisation of linear systems with bounded controls        },
 journal        = { International Journal of Control },
 year           = { 2008      },
 volume         = { 81       },
 number         = { 9       },
 pages          = { 1352-1363        },
 month          = { September},

}





@article{ ejohnson:jacic:2007,
 author         = { Eric N. Johnson and Anthony J. Calise and Yoko Watanabe and Jin-Cheol Ha and James C. Neidhoefer      },
 title          = { Real-Time Vision-Based Relative Aircraft Navigation        },
 journal        = { Journal of Aerospace Computing, Information, and Communication },
 year           = { 2007      },
 volume         = { 4       },
 number         = { 4       },
 pages          = { 707-738        },
 month          = { March},

}





@article{ kendoul:jgcd:2007,
 author         = { Farid Kendoul and D Lara and I Fantoni and R Lozano      },
 title          = { Real-Time Nonlinear Embedded Control for an Autonomous Quadrotor Helicopter        },
 journal        = { Journal of Guidance Control and Dynamics },
 year           = { 2007      },
 volume         = { 30       },
 number         = { 4       },
 pages          = { 1049-1061        },
 month          = { July},

}





@article{ kim:jgcd:2007,
 author         = { Byoung S. Kim and Anthony J. Calise and Ramachandra J. Sattigeri      },
 title          = { Adaptive, Integrated Guidance and Control Design for Line-of-Sight-Based Formation Flight        },
 journal        = { Journal of Guidance Control and Dynamics },
 year           = { 2007      },
 volume         = { 30       },
 number         = { 5       },
 pages          = { 13        },
 month          = { October},

}





@article{ rahideh:imecheaero:2007,
 author         = { A Rahideh and H M. Shaheed and A H. Bajodah      },
 title          = { Adaptive non-linear model inversion control of a twin rotor multi-input multi-output system using artificial intelligence        },
 journal        = { Institution of Mechanical Engineers, Part G: Journal of Aerospace Engineering },
 year           = { 2007      },
 volume         = { 221       },

 pages          = { 343-351        },


}





@article{ yang:jgcd:2007,
 author         = { Bong-Jun Yang and Anthony J. Calise and James I. Craig      },
 title          = {  Adaptive Output Feedback Control of a Flexible Base Manipulator           },
 journal        = { Journal of Guidance Control and Dynamics },
 year           = { 2007      },
 volume         = { 30       },
 number         = { 4       },
 pages          = { 1068-1080        },


}





@article{ henrik:jacic:2006,
 author         = { Henrik Christophersen and Robert W. Pickell and James C. Neidhoefer and Adrian A. Koller and Suresh K. Kannan and Eric N. Johnson      },
 title          = { A Compact Guidance, Navigation, and Control System for Unmanned Aerial Vehicles        },
 journal        = { Journal of Aerospace Computing, Information, and Communication },
 year           = { 2006      },
 volume         = { 3       },
 number         = { 5       },
 pages          = { 187-213        },
 month          = { May},

}





@article{ naira:ijc:2006,
 author         = { Naira Hovakimyan and Eugene Lavretsky and Anthony J. Calise and Ramachandra J. Sattigeri      },
 title          = { Decentralized adaptive output feedback
control via input/output inversion        },
 journal        = { International Journal of Control },
 year           = { 2006      },
 volume         = { 79       },
 number         = { 12       },
 pages          = { 14        },
 month          = { December},

}





@article{ naira:automatica:2006,
 author         = { Naira Hovakimyan and Bong-Jun Yang and Anthony J. Calise      },
 title          = { Adaptive output feedback control methodology applicable to non-minimum phase nonlinear systems        },
 journal        = { Automatica },
 year           = { 2006      },
 volume         = { 42       },
 number         = { 11       },
 pages          = { 513-522        },
 month          = { April},

}





@article{ ejohnson:jgcd:2006,
 author         = { Eric N. Johnson and Anthony J. Calise and Ken Mease and John E. Corban and Mike Curry      },
 title          = { Adaptive Guidance and Control for Hypersonic Vehicles        },
 journal        = { Journal of Guidance Control and Dynamics },
 year           = { 2006      },
 volume         = { 29       },
 number         = { 3       },
 pages          = { 725-737        },
 month          = { May},

}





@article{ ejohnson:jgcd:2006b,
 author         = { Eric N. Johnson and Michael Turbe      },
 title          = { Modeling, Control, and Flight Testing of a Small Ducted Fan Aircraft        },
 journal        = { Journal of Guidance Control and Dynamics },
 year           = { 2006      },
 volume         = { 29       },
 number         = { 4       },
 pages          = { 769-779        },
 month          = { July},

}





@article{ proctor:jfr:2006,
 author         = { Alison Proctor and Eric N. Johnson and Thomas Apker      },
 title          = { Vision-only Control and Guidance for Aircraft        },
 journal        = { Journal of Field Robotics },
 year           = { 2006      },
 volume         = { 23       },
 number         = { 10       },
 pages          = { 863-890        },
 month          = { October},

}





@article{ naira:itnn:2005,
 author         = { Naira Hovakimyan and Eugene Lavretsky and Bong-Jun Yang and Anthony J. Calise      },
 title          = { Coordinated decentralized adaptive output feedback control of interconnected systems        },
 journal        = { IEEE Transactions on Neural Networks },
 year           = { 2005      },
 volume         = { 16       },
 number         = { 1       },
 pages          = { 185-194        },
 month          = { January},

}





@article{ ejohnson:jgcd:2005,
 author         = { Eric N. Johnson and Suresh K. Kannan      },
 title          = { Adaptive Trajectory Control for Autonomous Helicopters          },
 journal        = { Journal of Guidance Control and Dynamics },
 year           = { 2005      },
 volume         = { 28       },
 number         = { 3       },
 pages          = { 524-538        },


}





@article{ ejohnson:taes:2005,
 author         = { Eric N. Johnson and Alison Proctor and Jin-Cheol Ha and Allen Tannenbaum      },
 title          = { Visual Search Automation for Unmanned Aerial Vehicles        },
 journal        = { IEEE Transactions on Aerospace and Electronic Systems },
 year           = { 2005      },
 volume         = { 41       },
 number         = { 1       },
 pages          = { 219-232        },
 month          = { January},

}





@article{ rysdyk:itcst:2005,
 author         = { Rolf T. Rysdyk and Anthony J. Calise      },
 title          = { Robust nonlinear adaptive flight control for consistent handling qualities        },
 journal        = { IEEE Transactions on Control Systems Technology },
 year           = { 2005      },
 volume         = { 13       },
 number         = { 6       },
 pages          = {  Robust nonlinear ad        },
 month          = { November},

}





@article{ sharma:jgcd:2005,
 author         = { Manu Sharma and Anthony J. Calise      },
 title          = { Neural-Network Augmentation of Existing Linear Controllers           },
 journal        = { Journal of Guidance Control and Dynamics },
 year           = { 2005      },
 volume         = { 28       },
 number         = { 1       },
 pages          = { 12-19        },
 month          = { January},

}





@article{ tandale:jas:2005,
 author         = { Monish D. Tandale and John Valasek      },
 title          = { Adaptive Dynamic Inversion Control with Actuator Saturation Constraints Applied to Tracking Spacecraft Maneuvers
        },
 journal        = { Journal of Astronautical Sciences },
 year           = { 2005      },
 volume         = { 52       },
 number         = { 5       },

 month          = { October},

}





@article{ awu:jacic:2005,
 author         = { Allen Wu and Eric N. Johnson and Alison Proctor      },
 title          = { Vision-Aided Inertial Navigation for Flight Control        },
 journal        = { Journal of Aerospace Computing, Information, and Communication },
 year           = { 2005      },
 volume         = { 2       },
 number         = { 9       },
 pages          = { 348-360        },
 month          = { September},

}





@article{ ananthkrishnan:jgcd:2004,
 author         = { N Ananthkrishnan and Parikshit M. Shah and Suraj Unnikrishnan      },
 title          = { Approximate Analytical Criterion for Aircraft Wing Rock Onset          },
 journal        = { Journal of Guidance Control and Dynamics },
 year           = { 2004      },
 volume         = { 27       },
 number         = { 2       },
 pages          = { 304-307        },


}





@article{ calise:jgcd:2004,
 author         = { Anthony J. Calise and Bong-Jun Yang and James I. Craig      },
 title          = { Augmenting Adaptive Approach to Control of Flexible Systems        },
 journal        = { Journal of Guidance Control and Dynamics },
 year           = { 2004      },
 volume         = { 27       },
 number         = { 3       },
 pages          = { 387-396        },
 month          = { May},

}





@article{ ejohnson:jacic:2004,
 author         = { Eric N. Johnson and Daniel P. Schrage      },
 title          = { System Integration and Operation of a Research Unmanned Aerial Vehicle        },
 journal        = { Journal of Aerospace Computing, Information, and Communication },
 year           = { 2004      },
 volume         = { 1       },
 number         = { 1       },
 pages          = { 5-18        },
 month          = { January},

}





@article{ ejohnson:jacic:2004b,
 author         = { Eric N. Johnson and Alison Proctor and Jin-Cheol Ha and Allen Tannenbaum      },
 title          = { Development and Test of Highly Autonomous Unmanned Aerial Vehicles        },
 journal        = { Journal of Aerospace Computing, Information, and Communication },
 year           = { 2004      },
 volume         = { 1       },
 number         = { 12       },
 pages          = { 485-501        },
 month          = { December},

}





@article{ sattigeri:jacic:2004,
 author         = { Ramachandra J. Sattigeri and Anthony J. Calise and Johnny Evers      },
 title          = { An Adaptive Vision-Based Approach to Decentralized Formation Control        },
 journal        = { Journal of Aerospace Computing, Information, and Communication },
 year           = { 2004      },
 volume         = { 1       },

 pages          = { 24        },
 month          = { December},

}





@article{ bateman:scl:2003,
 author         = { A Bateman and Zongli Lin      },
 title          = { An Analysis and Design Method for Linear Systems under Nested Saturation        },
 journal        = { Systems and Control Letters },
 year           = { 2003      },
 volume         = { 48       },

 pages          = { 41--52        },


}





@article{ george:itmech:2003,
 author         = { Lynnane E. George and Wayne J. Book      },
 title          = { Inertial vibration damping control of a flexible base manipulator        },
 journal        = { IEEE/ASME Transactions on Mechatronics },
 year           = { 2003      },
 volume         = { 8       },
 number         = { 2       },
 pages          = { 268-271        },
 month          = { June},

}





@article{ ejohnson:jgcd:2003,
 author         = { Eric N. Johnson and Anthony J. Calise      },
 title          = { Limited Authority Adaptive Flight Control for Reusable Launch Vehicles        },
 journal        = { Journal of Guidance Control and Dynamics },
 year           = { 2003      },
 volume         = { 26       },
 number         = { 6       },
 pages          = { 906-913        },
 month          = { November},

}





@article{ lixr:taes:2003,
 author         = { X R. Li and Vesselin P. Jilkov      },
 title          = { Survey of Maneuvering Target Tarcking, Part I: Dynamic Models        },
 journal        = { IEEE Transactions on Aerospace and Electronic Systems },
 year           = { 2003      },


 pages          = { 1333-1364        },


}





@article{ horn:ahs:2002,
 author         = { Joseph F. Horn and Anthony J. Calise and J. V. R. Prasad      },
 title          = { Flight Envelope Limit Detection and Avoidance for Rotorcraft        },
 journal        = { Journal of the American Helicopter Society },
 year           = { 2002      },
 volume         = { 47       },
 number         = { 4       },
 pages          = { 253-262        },
 month          = { October},

}





@article{ idan:jgcd:2002,
 author         = { Moshe Idan and Matthew D. Johnson and Anthony J. Calise      },
 title          = { Hierarchical Approach to Adaptive Control for Improved Flight Safety        },
 journal        = { Journal of Guidance Control and Dynamics },
 year           = { 2002      },
 volume         = { 25       },
 number         = { 6       },
 pages          = { 1012-1020        },
 month          = { November},

}





@article{ marconi:automatica:2002,
 author         = { Lorenzo Marconi and Alberto Isidori and Andrea Serrani      },
 title          = { Autonomous Landing on a Oscillating Platform - An Internal-model Based Approach        },
 journal        = { Automatica },
 year           = { 2002      },
 volume         = { 38       },

 pages          = { 21-32        },


}





@article{ zaccarian:automatica:2002,
 author         = { Luca Zaccarian and Andrew Teel      },
 title          = { A Common Framework for Anti-Windup, Bumpless Transfer and Reliable Designs        },
 journal        = { Automatica },
 year           = { 2002      },
 volume         = { 38       },
 number         = { 10       },
 pages          = { 1735--1744        },


}





@article{ calise:jgcd:2001,
 author         = { Anthony J. Calise and Seungjae Lee and Manu Sharma      },
 title          = { Development of a Reconfigurable Flight Control Law for Tailless Aircraft        },
 journal        = { Journal of Guidance Control and Dynamics },
 year           = { 2001      },
 volume         = { 24       },
 number         = { 5       },
 pages          = { 896-902        },
 month          = { September},

}





@article{ calise:automatica:2001,
 author         = { Anthony J. Calise and Naira Hovakimyan and Moshe Idan      },
 title          = { Adaptive Output Feedback Control of Nonlinear Systems Using Neural Networks        },
 journal        = { Automatica },
 year           = { 2001      },
 volume         = { 37       },

 pages          = { 1201--1211        },
 month          = { August},

}





@article{ horn:ahs:2001,
 author         = { Joseph F. Horn and Anthony J. Calise and J. V. R. Prasad      },
 title          = { Flight Envelop Cueing on a Tilt-Rotor Aircraft Using Neural Network Limit Prediction        },
 journal        = { Journal of the American Helicopter Society },
 year           = { 2001      },
 volume         = { 46       },
 number         = { 1       },
 pages          = { 23-31        },
 month          = { January},

}





@article{ wills:csm:2001,
 author         = { Linda M. Wills and Suresh K. Kannan and Sam Sander and Murat Guler and Bonnie S. Heck and J. V. R. Prasad and Daniel P. Schrage and George Vachtsevanos      },
 title          = { An Open Platform for Reconfigurable Control        },
 journal        = { IEEE Control Systems Magazine },
 year           = { 2001      },
 volume         = { 21       },
 number         = { 3       },
 pages          = { 49-64        },
 month          = { June},

}





@article{ calise:jgcd:2000,
 author         = { Anthony J. Calise and Manu Sharma and John E. Corban      },
 title          = { Adaptive Autopilot Design for Guided Munitions        },
 journal        = { Journal of Guidance Control and Dynamics },
 year           = { 2000      },
 volume         = { 23       },
 number         = { 5       },
 pages          = { 837-843        },
 month          = { September},

}





@article{ kuchar:itits:2000,
 author         = { James K. Kuchar and Lee C. Yang      },
 title          = { A Review of Conflict Detection and Resolution Modeling Methods        },
 journal        = { IEEE Transactions On Intelligent Transportation Systems },
 year           = { 2000      },
 volume         = { 1       },
 number         = { 4       },
 pages          = { 179-189        },
 month          = { December},

}





@article{ lewis:ajc:1999,
 author         = { Frank L. Lewis      },
 title          = { Nonlinear Network Structures for Feedback Control        },
 journal        = { Asian Journal of Control },
 year           = { 1999      },
 volume         = { 1       },
 number         = { 4       },
 pages          = { 205--228        },

 note           = { Survey Paper         },
}





@article{ calise:csm:1998,
 author         = { Anthony J. Calise and Rolf T. Rysdyk      },
 title          = { Nonlinear adaptive flight control using neural networks        },
 journal        = { IEEE Control Systems Magazine },
 year           = { 1998      },
 volume         = { 18       },
 number         = { 6       },
 pages          = { 14 - 25         },
 month          = { December},

}





@article{ buschek:jgcd:1997,
 author         = { Harald Buschek and Anthony J. Calise      },
 title          = { $\mu$\ Controllers: Mixed and Fixed        },
 journal        = { Journal of Guidance Control and Dynamics },
 year           = { 1997      },
 volume         = { 20       },
 number         = { 1       },
 pages          = { 34-41        },
 month          = { January},

}





@article{ buschek:jgcd:1997b,
 author         = { Harald Buschek and Anthony J. Calise      },
 title          = { Uncertainty Modeling and Fixed-Order Controller Design for a Hypersonic Vehicle Model         },
 journal        = { Journal of Guidance Control and Dynamics },
 year           = { 1997      },
 volume         = { 20       },
 number         = { 1       },
 pages          = { 115-122        },
 month          = { January},

}





@article{ kim:jgcd:1997,
 author         = { Byoung S. Kim and Anthony J. Calise      },
 title          = { Nonlinear Flight Control Using Neural Networks        },
 journal        = { Journal of Guidance Control and Dynamics },
 year           = { 1997      },
 volume         = { 20       },
 number         = { 1       },
 pages          = { 26--33        },


}





@article{ teel:scl:1997,
 author         = { Andrew Teel      },
 title          = { Semi-Global Stabilization of Linear Systems with Position and Rate-Limited Actuators        },
 journal        = { Systems and Control Letters },
 year           = { 1997      },
 volume         = { 30       },

 pages          = { 1--11        },


}





@article{ mazenc:itac:1996,
 author         = { F Mazenc and L Praly      },
 title          = { Adding Integrations, Saturated Controls and Stabilization for Feedforward systems        },
 journal        = { IEEE Transactions on Automatic Control },
 year           = { 1996      },
 volume         = { 41       },


 month          = { November},

}





@article{ sethian:nas:1996,
 author         = { J Seithan      },
 title          = { A Fast Marching Level Set Method for Monotonically Advancing Fronts        },
 journal        = { Proceedings of the National Academy Of Sciences },
 year           = { 1996      },
 volume         = { 93       },
 number         = { 4       },
 pages          = { 1591-1595        },


}





@article{ teel:itac:1996,
 author         = { Andrew Teel      },
 title          = { A Nonlinear Small Gain Theorem for the Analysis of Control Systems with Saturation        },
 journal        = { IEEE Transactions on Automatic Control },
 year           = { 1996      },
 volume         = { 41       },
 number         = { 9       },
 pages          = { 1256--1270        },


}





@article{ whorton:jgcd:1996,
 author         = { Mark S. Whorton and Harald Buschek and Anthony J. Calise      },
 title          = { Homotopy Algorithm for Fixed Order Mixed $H_2/H_\infty$ Design        },
 journal        = { Journal of Guidance Control and Dynamics },
 year           = { 1996      },
 volume         = { 19       },
 number         = { 6       },
 pages          = { 1262-1269        },


}





@article{ byrns:jgcd:1994,
 author         = { Edward V. Byrns and Anthony J. Calise      },
 title          = { Approximate Recovery of $H_\infty$ Loop  Shapes Using Fixed-Order Dynamic Compensation        },
 journal        = { Journal of Guidance Control and Dynamics },
 year           = { 1994      },
 volume         = { 17       },
 number         = { 3       },
 pages          = { 458-465        },


}





@article{ calise:jgcd:1994,
 author         = { Anthony J. Calise and Nikos Markopoulos and John E. Corban      },
 title          = { Nondimensional Forms for Singular Perturbation Analyses of Aircraft Energy Climbs        },
 journal        = { Journal of Guidance Control and Dynamics },
 year           = { 1994      },
 volume         = { 17       },
 number         = { 3       },
 pages          = { 584-590        },


}





@article{ calise:jgcd:1994b,
 author         = { Anthony J. Calise and Martin S. Leung      },
 title          = { Hybrid Approach to Solution of Optimal Control Problems        },
 journal        = { Journal of Guidance Control and Dynamics },
 year           = { 1994      },
 volume         = { 17       },
 number         = { 5       },
 pages          = { 966-974        },


}





@article{ karason:itac:1994,
 author         = { S Karason and Anuradha M. Annaswamy      },
 title          = { Adaptive Control in the Presence of Input Constraints        },
 journal        = { IEEE Transactions on Automatic Control },
 year           = { 1994      },
 volume         = { 39       },
 number         = { 11       },



}





@article{ simmons:itra:1994,
 author         = { Reid Simmons      },
 title          = { Structured Control for Autonomous Robots        },
 journal        = { IEEE Transactions on Robotics and Automation },
 year           = { 1994      },
 volume         = { 10       },
 number         = { 1       },
 pages          = { 34-43        },


}





@article{ sussmann:itac:1994,
 author         = { Hector Sussmann and Eduardo Sontag and Y Yang      },
 title          = { A General Result on the Stabilization of Linear Systems using Bounded Controls        },
 journal        = { IEEE Transactions on Automatic Control },
 year           = { 1994      },
 volume         = { 39       },


 month          = { December},

}





@article{ byrns:jgcd:1993,
 author         = { Edward V. Byrns and Anthony J. Calise      },
 title          = { Fixed-order dynamic compensation for a high-performance fighter aircraft        },
 journal        = { Journal of Guidance Control and Dynamics },
 year           = { 1993      },
 volume         = { 16       },
 number         = { 1       },
 pages          = { 104-110        },


}





@article{ lipp:mcm:1993,
 author         = { A M. Lipp and J. V. R. Prasad      },
 title          = { Synthesis of a Helicopter Nonlinear Flight Controller Using Approximate Model Inversion        },
 journal        = { Mathematical and Computer Modeling },
 year           = { 1993      },
 volume         = { 18       },

 pages          = { 89–100        },


}





@article{ mittal:jgcd:1993,
 author         = { Manoj Mittal and J. V. R. Prasad      },
 title          = { Three-dimensional modeling and control of a twin-lift helicopter system          },
 journal        = { Journal of Guidance Control and Dynamics },
 year           = { 1993      },
 volume         = { 16       },
 number         = { 1       },
 pages          = { 86-95        },


}





@article{ moerder:jgcd:1993,
 author         = { Daniel D. Moerder and Anthony J. Calise and Paul Clemmons      },
 title          = { Optimal open multistep discretization formulas for real-time simulation        },
 journal        = { Journal of Guidance Control and Dynamics },
 year           = { 1993      },
 volume         = { 16       },
 number         = { 3       },
 pages          = { 557-563        },


}





@article{ sussmann:itac:1991,
 author         = { Hector Sussmann and Petar V. Kokotovic      },
 title          = { The Peaking Phenomenon and the Global Stabilization of Nonlinear Systems        },
 journal        = { IEEE Transactions on Automatic Control },
 year           = { 1991      },
 volume         = { 36       },

 pages          = { 424--440        },
 month          = { April},

}





@article{ hornik:itnn:1989,
 author         = { K Hornik and M Stinchcombe and H White      },
 title          = { Multilayer Feedforward Networks are Universal Approximators        },
 journal        = { IEEE Transactions on Neural Networks },
 year           = { 1989      },
 volume         = { 2       },
 number         = { 5       },
 pages          = { 359--366        },


}





@article{ sontag:itac:1989,
 author         = { Eduardo Sontag      },
 title          = { Smooth Stabilization Implies Coprime Factorization        },
 journal        = { IEEE Transactions on Automatic Control },
 year           = { 1989      },
 volume         = { 34       },
 number         = { 4       },
 pages          = { 435 - 443        },
 month          = { April},

}





@article{ blom:itac:1988,
 author         = { H A. Blom and Y Bar-Shalom      },
 title          = { The Interacting Multiple-Model Algorithm for Systems with Markovian Switching Coefficients        },
 journal        = { IEEE Transactions on Automatic Control },
 year           = { 1988      },


 pages          = { 780-783        },
 month          = { August},

}





@article{ sontag:siam:1988,
 author         = { Eduardo Sontag      },
 title          = { Controllability is harder to decide than accessibility        },
 journal        = { SIAM Journal of Control and Optimization },
 year           = { 1988      },
 volume         = { 26       },

 pages          = { 1106-1118        },


}





@article{ harel:scp:1987,
 author         = { David Harel      },
 title          = { Statecharts: A Visual Formalism for Complex Systems        },
 journal        = { Science of Computer Programming },
 year           = { 1987      },
 volume         = { 8       },
 number         = { 3       },
 pages          = { 231-274        },


}





@article{ narendra:itac:1987,
 author         = { K S. Narendra and Anuradha M. Annaswamy      },
 title          = { A New Adaptive Law for Robust Adaptation Without Persistent Excitation        },
 journal        = { IEEE Transactions on Automatic Control },
 year           = { 1987      },
 volume         = { 32       },

 pages          = { 134--145        },
 month          = { February},

}





@article{ sontag:ijc:1984,
 author         = { Eduardo Sontag      },
 title          = { An algebraic approach to bounded controllability of linear systems        },
 journal        = { International Journal of Control },
 year           = { 1984      },
 volume         = { 39       },

 pages          = { 181-188        },


}





@article{ singer:taes:1970,
 author         = { Robert A. Singer      },
 title          = { Estimating {O}ptimal {T}racking {F}ilter {P}erformance for {M}anned {M}aneuvering {T}argets        },
 journal        = { IEEE Transactions on Aerospace and Electronic Systems },
 year           = { 1970      },
 volume         = { 6       },
 number         = { 4       },



}





@article{ kane:ijms:1967,
 author         = { Thomas R. Kane and Gan-Tai Tseng      },
 title          = { Dynamics of the Bifilar Pendulum        },
 journal        = { International Journal of Mechanical Sciences },
 year           = { 1967      },
 volume         = { 9       },
 number         = { 2       },
 pages          = { 83-96        },


}





@article{ kalman:asmejbe:1960,
 author         = { R E. Kalman      },
 title          = { A New Approach to Linear Filtering and Prediction Problems        },
 journal        = { Transactions of the ASME - Journal of Basic engineering },
 year           = { 1960      },
 volume         = { 82       },




}




#### conference_paper ####



@inproceedings { bhatia:icra:2011,
 author         = { Amit Bhatia and Lydia Kavraki and Moshe Vardi      },
 title          = { Sample-Based Motion Planning with Temporal Goals        },
 booktitle      = { IEEE Conference on Robotics and Automation },
 year           = { 2011      },


 address        = { Anchorange, AK, USA      },
 month          = { May},

}





@inproceedings { chowdhary:acc11:2011,
 author         = { Girish Chowdhary and Magnus B. Egerstedt and Eric N. Johnson      },
 title          = { Network Discovery: An Estimation Based Approach        },
 booktitle      = { American Control Conference },
 year           = { 2011      },


 address        = { San Francisco      },
 month          = { June},

}





@inproceedings { chowdhary:acc11:2011b,
 author         = { Girish Chowdhary and Eric N. Johnson      },
 title          = { A Singular Value Maximizing Data Recording Algorithm for Concurrent Learning        },
 booktitle      = { American Control Conference },
 year           = { 2011      },


 address        = { San Francisco      },
 month          = { June},

}





@inproceedings { chowdhary:infotech11:2011,
 author         = { Girish Chowdhary and Rajeev Chandramohan and Jeong Hur and Eric N. Johnson and Anthony J. Calise      },
 title          = { Autonomous Guidance and Control of an Airplane under Severe Damage        },
 booktitle      = { AIAA@INFOTECH },
 year           = { 2011      },


 address        = { St. Louis, MO      },
 month          = { March},
 note           = { invited paper         },
}





@inproceedings { chowdhary:egnc11:2011,
 author         = { Girish Chowdhary and Eric N. Johnson      },
 title          = { Adaptive Flight Control with Guaranteed Convergence        },
 booktitle      = { Euro GNC },
 year           = { 2011      },


 address        = { Munich, Germany      },
 month          = { April},
 note           = { CEAS EGNC         },
}





@inproceedings { chowdhary:gnc11:2011,
 author         = { Girish Chowdhary and Michael Sobers and Chitasid Pravitra and Claus Christmann and Allen Wu and Hiroyuki Hashimoto and Chester Ong and Roshan Kalghatgi and Eric N. Johnson      },
 title          = { Integrated Guidance Navigation and Control for a Fully Autonomous Indoor UAS        },
 booktitle      = { AIAA Guidance Navigation and Control Conference },
 year           = { 2011      },


 address        = { Portland, OR      },
 month          = { August},

}





@inproceedings { chowdhary:gnc11:2011b,
 author         = { Girish Chowdhary and Eric N. Johnson      },
 title          = { Lyapunov-based Integration of a Data Recording Algorithm in Adaptive Control        },
 booktitle      = { AIAA Guidance Navigation and Control Conference },
 year           = { 2011      },


 address        = { Portland, OR      },
 month          = { August},

}





@inproceedings { ejohnson:gnc11:2011,
 author         = { Eric N. Johnson and Girish Chowdhary and Rajeev Chandramohan and Anthony J. Calise      },
 title          = { UAV flight control using flow control actuators        },
 booktitle      = { AIAA Guidance Navigation and Control Conference },
 year           = { 2011      },


 address        = { Portland, OR      },
 month          = { August},

}





@inproceedings { kingravi:cdc:2011,
 author         = { Hassan Kingravi and Girish Chowdhary and Patricio Vela and Eric N. Johnson      },
 title          = { A Reproducing Kernel Hilbert Space Approach for the Online Update of Radial Bases in Neuro-Adaptive Control        },
 booktitle      = { Conference on Decision and Control },
 year           = { 2011      },


 address        = { Orlando Florida      },
 month          = { December},

}





@inproceedings { pravitra:cdc:2011,
 author         = { Chitasid Pravitra and Girish Chowdhary and Eric N. Johnson      },
 title          = { A Compact Exploration Strategy for Indoor Flight Vehicle        },
 booktitle      = { Conference on Decision and Control },
 year           = { 2011      },


 address        = { Orlando Florida      },
 month          = { December},
 note           = { invited         },
}





@inproceedings { pritchett:cogsima:2011,
 author         = { Amy R. Pritchett and So Y. Kim and Suresh K. Kannan and Karen Feigh      },
 title          = { Simulating Situated Work        },
 booktitle      = { IEEE Conference on Cognitive Methods in Situation Awareness and Decision Support },
 year           = { 2011      },


 address        = { Miami Beach, Florida      },
 month          = { December},
 note           = { Under Review         },
}





@inproceedings { pritchett:cogsima:2011b,
 author         = { Amy R. Pritchett and Claus Christmann and Matthew S. Bigelow      },
 title          = { A Simulation Engine to Predict Multi-Agent Work in Complex, Dynamic, Heterogeneous Systems        },
 booktitle      = { IEEE Conference on Cognitive Methods in Situation Awareness and Decision Support },
 year           = { 2011      },
 pages          = { 136 - 143         },

 address        = { Miami Beach, Florida      },
 month          = { December},

}





@inproceedings { rajeev:infotech:2010,
 author         = { Rajeev Chandramohan and Tansel Yucelen and Anthony J. Calise and Girish Chowdhary and Eric N. Johnson      },
 title          = { Experimental Results for Kalman Filter Modification in Adaptive Control        },
 booktitle      = { AIAA Infotech@Aerospace },
 year           = { 2010      },


 address        = { Atlanta, GA      },
 month          = { April},

}





@inproceedings { rajeev:gnc:2010,
 author         = { Rajeev Chandramohan and Tansel Yucelen and Anthony J. Calise and Girish Chowdhary and Eric N. Johnson      },
 title          = { Flight Test Results for Kalman Filter and H_2 Modification in Adaptive Control        },
 booktitle      = { AIAA Guidance, Navigation, and Control Conference },
 year           = { 2010      },


 address        = { Toronto, CA      },
 month          = { August},

}





@inproceedings { rajeev:gnc:2010b,
 author         = { Rajeev Chandramohan and Tansel Yucelen and Anthony J. Calise and Girish Chowdhary and Eric N. Johnson      },
 title          = { Experimental Evaluation of Derivative Free Model Reference Adaptive Control        },
 booktitle      = { AIAA Guidance, Navigation, and Control Conference },
 year           = { 2010      },


 address        = { Toronto, CA      },
 month          = { August},

}





@inproceedings { chowdhary:gnc:2010,
 author         = { Girish Chowdhary and Eric N. Johnson      },
 title          = { Concurrent Learning for Improved Parameter Convergence in Adaptive Flight Control        },
 booktitle      = { AIAA Guidance, Navigation, and Control Conference },
 year           = { 2010      },

 organization   = { Georgia Institute of Technology },
 address        = { Toronto, CA      },
 month          = { August},

}





@inproceedings { chowdhary:gnc:2010b,
 author         = { Girish Chowdhary and Michael Sobers and Erwan Salauen and John Ottander and Eric N. Johnson      },
 title          = { Design, Development, and Testing of a Low Cost, Fully Autonomous Indoor Unmanned Aerial System        },
 booktitle      = { AIAA Guidance, Navigation, and Control Conference },
 year           = { 2010      },

 organization   = { Georgia Institute of Technology },
 address        = { Toronto, CA      },
 month          = { August},

}





@inproceedings { chowdhary:acc:2010,
 author         = { Girish Chowdhary and Eric N. Johnson      },
 title          = { Recursively Updated Least Squares Based Modification Term for Adaptive Control        },
 booktitle      = { American Control Conference },
 year           = { 2010      },


 address        = { Baltimore, MD      },
 month          = { June},

}





@inproceedings { chowdhary:cdc:2010,
 author         = { Girish Chowdhary and Eric N. Johnson      },
 title          = { Concurrent Learning for Convergence in Adaptive Control without Persistency of Excitation        },
 booktitle      = { IEEE Conference on Decision and Control },
 year           = { 2010      },

 organization   = { Georgia Institute of Technology },
 address        = { Atlanta, GA      },
 month          = { December},

}





@inproceedings { chowdhary:cdc:2010b,
 author         = { Girish Chowdhary and Eric N. Johnson      },
 title          = { Least Squares Based Modification for Adaptive Control        },
 booktitle      = { IEEE Conference on Decision and Control },
 year           = { 2010      },


 address        = { Atlanta, GA      },
 month          = { December},

}





@inproceedings { chowdhary:infotech:2010,
 author         = { Girish Chowdhary and Wesely Debusk and Eric N. Johnson      },
 title          = { Real-Time System Identification of a Small Multi-Engine Aircraft with Structural Damage        },
 booktitle      = { AIAA Infotech@Aerospace },
 year           = { 2010      },


 address        = { Atlanta, GA      },
 month          = { April},

}





@inproceedings { chowdhary:gnc:2010c,
 author         = { Girish Chowdhary and Eric N. Johnson and Scott Kimbrell and Rajeev Chandramohan and Anthony J. Calise      },
 title          = { Flight Test Results of Adaptive Controllers in the Presence of Severe Structural Damage        },
 booktitle      = { AIAA Guidance, Navigation, and Control Conference },
 year           = { 2010      },


 address        = { Toronto, CA      },
 month          = { August},
 note           = { Invited paper         },
}





@inproceedings { chowdhary:imeti:2010,
 author         = { Girish Chowdhary and Narayan Komerath      },
 title          = { Innovations Required for Retail Beamed Power Transmission Over Short Range        },
 booktitle      = { The 3rd International Multi-Conference on Engineering and Technological Innovation: IMETI 2010  },
 year           = { 2010      },


 address        = { Orlando, FL      },
 month          = { June},

}





@inproceedings { claus:mst:2010,
 author         = { Claus Christmann and Eric N. Johnson      },
 title          = { Modeling Urban Environments for Communication-Aware UAV Swarm Path Planning          },
 booktitle      = { AIAA Modeling and Simulation Technologies Conference },
 year           = { 2010      },


 address        = { Toronto, Ontario, Canada      },
 month          = { August},

}





@inproceedings { danapalasingam:acc:2010,
 author         = { Kumar Danapalasingam and A Cour-Harbor and Girish Chowdhary and Morten Bisgaard      },
 title          = { A Robust Stabilization using State Feedback with Feedforward, American Control Conference        },
 booktitle      = { American Control Conference },
 year           = { 2010      },


 address        = { Baltimore, MD      },
 month          = { June},

}





@inproceedings { ejohnson:infotech:2010,
 author         = { Eric N. Johnson and Girish Chowdhary      },
 title          = { Guidance and Control of an Airplane under Severe Structural Damage        },
 booktitle      = { AIAA Infotech@Aerospace },
 year           = { 2010      },


 address        = { Atlanta, GA      },
 month          = { April},
 note           = { Invited paper         },
}





@inproceedings { kannan:cdc:2010,
 author         = { Suresh K. Kannan and Eric N. Johnson      },
 title          = { Model Reference Adaptive Control with a Constrained Linear Reference Model        },
 booktitle      = { IEEE Conference on Decision and Control },
 year           = { 2010      },


 address        = { Atlanta, GA      },
 month          = { December},

}





@inproceedings { kannan:cdc:2010b,
 author         = { Suresh K. Kannan and Eric N. Johnson      },
 title          = { Adaptive Control of Systems in Cascade with Saturation        },
 booktitle      = { IEEE Conference on Decision and Control },
 year           = { 2010      },


 address        = { Atlanta, GA      },
 month          = { December},

}





@inproceedings { komerath:ised:2010,
 author         = { Narayan Komerath and Girish Chowdhary      },
 title          = { Retail Beamed Power for Micro Renewable Energy Architectures: A Survey        },
 booktitle      = { International Symposium on Electronic System Design (ISED) },
 year           = { 2010      },


 address        = { Bhubaneshwar, India      },
 month          = { December},

}





@inproceedings { ottander:mst:2010,
 author         = { John Ottander and Eric N. Johnson      },
 title          = { Precision Slung Cargo Delivery onto a Moving Platform        },
 booktitle      = { AIAA Modeling and Simulation Technologies Conference },
 year           = { 2010      },


 address        = { Toronto, Ontario, Canada      },
 month          = { August},

}





@inproceedings { pinto:case:2010,
 author         = { Alessandro Pinto and Sudha krishnamurthy and Suresh K. Kannan      },
 title          = { A Model-Based End-to-End Toolchain for the Probabilistic Analysis of Complex Systems        },
 booktitle      = { IEEE Conference on Automation Science and Engineering },
 year           = { 2010      },


 address        = { Toronto, Canada      },
 month          = { August},

}





@inproceedings { syed:infotech:2010,
 author         = { Syed I. Shah and Allen Wu and Eric N. Johnson      },
 title          = { Visual Marker Detection In The Presence Of Colored Noise for Unmanned Aerial Vehicles        },
 booktitle      = { AIAA Infotech@Aerospace },
 year           = { 2010      },


 address        = { Atlanta, GA      },
 month          = { April},

}





@inproceedings { awu:infotech:2010,
 author         = { Allen Wu and Eric N. Johnson      },
 title          = { Autonomous Flight in GPS-Denied Environments Using
Monocular Vision and Inertial Sensors        },
 booktitle      = { AIAA Infotech@Aerospace },
 year           = { 2010      },

 organization   = { Georgia Institute of Technology },
 address        = { Atlanta, GA      },
 month          = { April},

}





@inproceedings { calise:gnc:2009,
 author         = { Anthony J. Calise and Tansel Yucelen and Jonathan Muse and Bong-Jun Yang      },
 title          = { An loop recovery method for adaptive control        },
 booktitle      = { AIAA Guidance Navigation and Control Conference },
 year           = { 2009      },

 organization   = { Georgia Institute of Technology },
 address        = { Chicago, Illinois      },
 month          = { August},

}





@inproceedings { chowdhary:gnc:2009,
 author         = { Girish Chowdhary and Eric N. Johnson      },
 title          = { Flight Validation of a Long Term Learning Adaptive Controller          },
 booktitle      = { AIAA Guidance Navigation and Control Conference },
 year           = { 2009      },

 organization   = { Georgia Institute of Technology },
 address        = { Chicago, Illinois      },
 month          = { August},

}





@inproceedings { claus:sifi:2009,
 author         = { Claus Christmann and Eric N. Johnson      },
 title          = { An ILS Inspired Approach and Departure System Utilizing Monocular Vision        },
 booktitle      = { First Symposium on Indoor Flight Issues },
 year           = { 2009      },


 address        = { University of Puerto Rico
Mayagüez, Puerto Rico      },
 month          = { July},

}





@inproceedings { debusk:afm:2009,
 author         = { Wesely Debusk and Girish Chowdhary and Eric N. Johnson      },
 title          = { Real-Time System Identification of a Small Multi-Engine Aircraft
         },
 booktitle      = { AIAA Atmospheric Flight Mechanics },
 year           = { 2009      },

 organization   = { Georgia Institute of Technology },
 address        = { Chicago, IL      },
 month          = { August},

}





@inproceedings { kannan:mst:2009,
 author         = { Suresh K. Kannan and Seung Man Lee and Eric N. Johnson and Claus Christmann      },
 title          = { A Language for Representing Procedures in Agent-Based Simulations of Air Transportation Systems        },
 booktitle      = { AIAA Modeling and Simulation Technologies Conference },
 year           = { 2009      },


 address        = { Chicago, IL      },
 month          = { August},

}





@inproceedings { kimbrell:gnc:2009,
 author         = { Scott Kimbrell and Eric N. Johnson and Girish Chowdhary and Anthony J. Calise and Rajeev Chandramohan      },
 title          = { A Process to Obtain Robustness Metrics for Adaptive Flight Controllers        },
 booktitle      = { AIAA Guidance Navigation and Control Conference },
 year           = { 2009      },

 organization   = { Georgia Institute of Technology },
 address        = { Chicago, Illinois      },
 month          = { August},

}





@inproceedings { mariottini:icra:2009,
 author         = { Gian L. Mariottini and Simone Martini and Magnus B. Egerstedt      },
 title          = { A Switching Active Sensing Strategy to Maintain Observability for Vision-Based Formation Control        },
 booktitle      = { IEEE International Conference on Robotics and Automation },
 year           = { 2009      },


 address        = { Kobe, Japan      },
 month          = { May},

}





@inproceedings { medagam:acc:2009,
 author         = { Peda Medagam and Tansel Yucelen and Farzad Pourboghrat      },
 title          = { Adaptive SDRE based nonlinear sensorless speed control for PMSM drives        },
 booktitle      = { American Control Conference },
 year           = { 2009      },

 organization   = { Georgia Institute of Technology },
 address        = { St. Louis, Missouri      },
 month          = { June},

}





@inproceedings { muse:gnc:2009,
 author         = { Jonathan Muse and Andrew Tchieu and Ali T. Kutay and Rajeev Chandramohan and Anthony J. Calise and Anthony Leonard      },
 title          = { Vortex Model Based Adaptive Flight Control Using Synthetic Jets        },
 booktitle      = { AIAA Guidance Navigation and Control Conference },
 year           = { 2009      },

 organization   = { Georgia Institute of Technology },
 address        = { Chicago, Illinois      },
 month          = { August},

}





@inproceedings { muse:gnc:2009b,
 author         = { Jonathan Muse and Anthony J. Calise      },
 title          = { Limited Adaptive Authority Flight Control for the Crew Launch Vehicle        },
 booktitle      = { AIAA Guidance Navigation and Control Conference },
 year           = { 2009      },

 organization   = { Georgia Institute of Technology },
 address        = { Chicago, Illinois      },
 month          = { August},

}





@inproceedings { nrooz:gnc:2009,
 author         = { Nimrod Rooz and Eric N. Johnson and Allen Wu and Claus Christmann and Jin-Cheol Ha and Girish Chowdhary and Michael Sobers and Suresh K. Kannan and Robert W. Pickell      },
 title          = { Experience with highly automated unmanned aircraft performing complex missions        },
 booktitle      = { AIAA Guidance Navigation and Control Conference },
 year           = { 2009      },


 address        = { Chicago, Illinois      },
 month          = { August},

}





@inproceedings { nrooz:mst:2009,
 author         = { Nimrod Rooz and Eric N. Johnson and Allen Wu and Claus Christmann and Jin-Cheol Ha and Girish Chowdhary and Michael Sobers and Suresh K. Kannan and Robert W. Pickell      },
 title          = { Experience with Highly Automated Unmanned Aircraft Performing Complex Missions         },
 booktitle      = { AIAA Modeling and Simulation Technologies Conference },
 year           = { 2009      },

 organization   = { Georgia Institute of Technology },
 address        = { Chicago, IL      },
 month          = { August},

}





@inproceedings { syed:gnc:2009,
 author         = { Syed I. Shah and Eric N. Johnson      },
 title          = { 3D Obstacle Detection Using a Single Camera        },
 booktitle      = { AIAA Guidance Navigation and Control Conference },
 year           = { 2009      },


 address        = { Chicago, Illinois      },
 month          = { August},

}





@inproceedings { sobers:gnc:2009,
 author         = { Michael Sobers and Girish Chowdhary and Eric N. Johnson      },
 title          = { Indoor Navigation for Unmanned Aerial Vehicles        },
 booktitle      = { AIAA Guidance Navigation and Control Conference },
 year           = { 2009      },
 pages          = { 29        },

 address        = { Chicago, Illinois      },
 month          = { August},

}





@inproceedings { sobers:sifi:2009,
 author         = { Michael Sobers and Girish Chowdhary and Eric N. Johnson and Claus Christmann      },
 title          = { Georgia Tech Aerial Robotics Team: 2009 International Aerial Robotics Competition Entry        },
 booktitle      = { First Symposium on Indoor Flight Issues },
 year           = { 2009      },
 pages          = { 12        },
 organization   = { Georgia Institute of Technology },
 address        = { University of Puerto Rico
Mayagüez, Puerto Rico      },
 month          = { July},
 note           = { Won best paper at the 2009 International Aerial Robotics Competition         },
}





@inproceedings { yang:acc:2009,
 author         = { Bong-Jun Yang and Tansel Yucelen and Anthony J. Calise and Jong-Yeob Shin      },
 title          = { An LMI-based Stability Analysis for Adaptive Controllers        },
 booktitle      = { American Control Conference },
 year           = { 2009      },


 address        = { St. Louis, Missouri      },
 month          = { June},

}





@inproceedings { yang:gnc:2009,
 author         = { Bong-Jun Yang and Tansel Yucelen and Anthony J. Calise and Jong-Yeob Shin      },
 title          = { LMI-based Analysis for Stability Margins of Adaptive Flight Control        },
 booktitle      = { AIAA Guidance Navigation and Control Conference },
 year           = { 2009      },


 address        = { Chicago, Illinois      },
 month          = { August},

}





@inproceedings { yucelen:gnc:2009,
 author         = { Tansel Yucelen and Anthony J. Calise      },
 title          = { Enforcing a linear constraint in adaptive control: A Kalman filter optimization approach        },
 booktitle      = { AIAA Guidance Navigation and Control Conference },
 year           = { 2009      },

 organization   = { Georgia Institute of Technology },
 address        = { Chicago, Illinois      },
 month          = { August},

}





@inproceedings { yucelen:gnc:2009b,
 author         = { Tansel Yucelen and Anthony J. Calise and Wassim M. Haddad and Konstantin Volyanskyy      },
 title          = { A comparison of a new neuroadaptive controller architecture with the sigma- and e- modification architectures        },
 booktitle      = { AIAA Guidance Navigation and Control Conference },
 year           = { 2009      },

 organization   = { Georgia Institute of Technology },
 address        = { Chicago, Illinois      },
 month          = { August},

}





@inproceedings { yucelen:acc:2009,
 author         = { Tansel Yucelen and Farzad Pourboghrat      },
 title          = { Active noise blocking: Non-minimal modeling, robust control, and implementation        },
 booktitle      = { American Control Conference },
 year           = { 2009      },

 organization   = { Georgia Institute of Technology },
 address        = { St. Louis, Missouri      },
 month          = { June},

}





@inproceedings { chowdhary:gnc:2008,
 author         = { Girish Chowdhary and Eric N. Johnson      },
 title          = { Theory and Flight Test Validation of Long Term Learning Adaptive Controller        },
 booktitle      = { AIAA Guidance Navigation and Control Conference },
 year           = { 2008      },

 organization   = { Georgia Institute of Technology },
 address        = { Honolulu, HI      },
 month          = { August},

}





@inproceedings { claus:mosim:2008,
 author         = { Claus Christmann and Eric N. Johnson      },
 title          = { UAS Reference Scenarios for MANET Development        },
 booktitle      = { AIAA Modeling and Simulation Technologies Conference and Exhibit },
 year           = { 2008      },

 organization   = { Georgia Institute of Technology },
 address        = { Honolulu, Hawaii      },
 month          = { August},

}





@inproceedings { ejohnson:ahsforum:2008,
 author         = { Eric N. Johnson and Claus Christmann and Henrik Christophersen and Allen Wu      },
 title          = { Guidance, Navigation, Control, and Operator Interfaces for Small Rapid Response Unmanned Helicopters        },
 booktitle      = { AHS 64th Annual Forum and Technology Display },
 year           = { 2008      },

 organization   = { Georgia Institute of Technology },
 address        = { Montréal, Canada      },
 month          = { April},

}





@inproceedings { joo:ieeeac:2008,
 author         = { Sungmoon Joo and Corey Ippolito and Khalid Al-Ali and Yoo H. Yeh      },
 title          = { Vision Aided Inertial Navigation with Measurement Delay for Fixed-Wing Unmanned Aerial Vehicle Landing        },
 booktitle      = { IEEE Aerospace Conference },
 year           = { 2008      },


 address        = { Big Sky, Montana USA      },
 month          = { March},

}





@inproceedings { sokim:gnc:2008,
 author         = { So Y. Kim and Seung Man Lee and Eric N. Johnson      },
 title          = { Analysis of Dynamic Function Allocation between Human Operators and Automation Systems        },
 booktitle      = { AIAA Guidance Navigation and Control Conference },
 year           = { 2008      },


 address        = { Honolulu, HI      },
 month          = { August},

}





@inproceedings { kutay:gnc:2008,
 author         = { Ali T. Kutay and Girish Chowdhary and Anthony J. Calise and Eric N. Johnson      },
 title          = { A Comparison of Two Novel Direct Adaptive Control Methods under Actuator Failure Accommodation        },
 booktitle      = { AIAA Guidance Navigation and Control Conference },
 year           = { 2008      },

 organization   = { Georgia Institute of Technology },
 address        = { Honolulu, HI      },
 month          = { August},

}





@inproceedings { rahideh:cis:2008,
 author         = { A Rahideh and H M. Shaheed and A H. Bajodah      },
 title          = { Neural network based adaptive nonlinear model inversion control of a twin rotor system in real time        },
 booktitle      = { IEEE International Conference on Cybernetic Intelligent Systems },
 year           = { 2008      },


 address        = { Chengdu, China      },
 month          = { October},

}





@inproceedings { tchieu:aiaafluiddynamics:2008,
 author         = { Andrew Tchieu and Ali T. Kutay and Jonathan Muse and Anthony J. Calise and Anthony Leonard      },
 title          = { Validation of a Low-Order Model for Closed-Loop Flow Control Enabled Flight        },
 booktitle      = { 2008 AIAA Fluid Dynamics Conference and Exhibit. },
 year           = { 2008      },


 address        = { Double Tree Hotel Seattle Airport
Seattle, Washington      },
 month          = { June},

}





@inproceedings { awu:gnc:2008,
 author         = { Allen Wu and Eric N. Johnson      },
 title          = { Methods for Localization and Mapping Using Vision and Inertial Sensors        },
 booktitle      = { AIAA Guidance Navigation and Control Conference },
 year           = { 2008      },
 pages          = { 25        },
 organization   = { Georgia Institute of Technology },
 address        = { Honolulu, HI      },
 month          = { August},

}





@inproceedings { bisgaard:gnc:2007,
 author         = { Morten Bisgaard and Anders La Cour-Harbo and Jan D. Bendtsen      },
 title          = { Full State Estimation for Helicopter Slung Load System        },
 booktitle      = { AIAA Guidance Navigation and Control Conference },
 year           = { 2007      },


 address        = { Hilton Head, SC      },
 month          = { August},

}





@inproceedings { chowdhary:gnc:2007,
 author         = { Girish Chowdhary and Eric N. Johnson      },
 title          = { Adaptive Neural Network Flight Control Using both Current and Recorded Data        },
 booktitle      = { AIAA Guidance Navigation and Control Conference },
 year           = { 2007      },


 address        = { Hilton Head, SC      },
 month          = { August},

}





@inproceedings { claus:infotech:2007,
 author         = { Claus Christmann and Eric N. Johnson      },
 title          = { Design and Implementation of a self-configuring Ad-hoc Network for Unmanned Aerial Systems        },
 booktitle      = { AIAA Infotech@Aerospace Conference and Exhibit },
 year           = { 2007      },

 organization   = { Georgia Institute of Technology },
 address        = { Rohnert Park, CA      },
 month          = { October},

}





@inproceedings { geyer:gnc:2007,
 author         = { Mark S. Geyer and Eric N. Johnson      },
 title          = { An Integrated Top-Down Approach to Obstacle Avoidance for Unmanned Aerial Vehicles        },
 booktitle      = { AIAA Guidance Navigation and Control Conference },
 year           = { 2007      },


 address        = { Hilton Head, SC      },
 month          = { August},
 note           = { AIAA 2007-6825         },
}





@inproceedings { pjones:gnc:2007,
 author         = { Phillip Jones      },
 title          = { Multi-Unmanned Aerial Vehicle Coverage Planner for Area Surveillance Missions        },
 booktitle      = { AIAA Guidance Navigation and Control Conference },
 year           = { 2007      },


 address        = { Hilton Head, SC      },
 month          = { August},

}





@inproceedings { moon:ahs:2007,
 author         = { Jongki Moon and Ramachandra J. Sattigeri and J. V. R. Prasad and Anthony J. Calise      },
 title          = { Adaptive Guidance and Control for
Autonomous Formation Flight        },
 booktitle      = { American Helicopter Society },
 year           = { 2007      },



 month          = { May},
 note           = { All rights reserved by AHS         },
}





@inproceedings { rahideh:cis:2007,
 author         = { A Rahideh and H M. Shaheed and A H. Bajodah      },
 title          = { Adaptive Nonlinear Model Inversion Control of a Twin Rotor System Using Artificial Intelligence        },
 booktitle      = { IEEE International Conference on Cybernetic Intelligent Systems },
 year           = { 2007      },



 month          = { October},

}





@inproceedings { rodriguez:gnc:2007,
 author         = { Andres F. Rodriguez and Evan Andersen and Justin M. Bradley and Clark N. Taylor      },
 title          = { Wind Estimation Using an Optical Flow Sensor on a Miniature Air Vehicle        },
 booktitle      = { AIAA Guidance Navigation and Control Conference },
 year           = { 2007      },


 address        = { Hilton Head, SC      },
 month          = { August},

}





@inproceedings { sattigeri:gnc:2007,
 author         = { Ramachandra J. Sattigeri and Anthony J. Calise and Byoung S. Kim      },
 title          = { Integration of Adaptive Estimation and Adaptive Control Design for Uncertain Nonlinear Systems        },
 booktitle      = { AIAA Guidance Navigation and Control Conference },
 year           = { 2007      },


 address        = { Hilton Head, SC      },
 month          = { August},

}





@inproceedings { sattigeri:gnc:2007b,
 author         = { Ramachandra J. Sattigeri and Eric N. Johnson and Anthony J. Calise and Jin-Cheol Ha      },
 title          = { Vision-based Target Tracking with Adaptive Target State Estimator        },
 booktitle      = { AIAA Guidance Navigation and Control Conference },
 year           = { 2007      },


 address        = { Hilton Head, SC      },
 month          = { August},
 note           = { Invited Session         },
}





@inproceedings { toupet:infotech:2007,
 author         = { Oliver Toupet and James D. Paduano and Robert Panish and Raymond Sedwick and Emilio Frazzoli      },
 title          = { Augmenting State Estimates
with Multiple Camera Visual Measurements        },
 booktitle      = { AIAA Infotech@Aerospace Conference and Exhibit },
 year           = { 2007      },


 address        = { Rohnert Park, CA      },
 month          = { October},

}





@inproceedings { bisgaard:mst:2006,
 author         = { Morten Bisgaard and Jan D. Bendtsen and Anders La Cour-Harbo      },
 title          = { Modelling of Generic Slung Load System        },
 booktitle      = { AIAA Modeling and Simulation Technologies Conference and Exhibit },
 year           = { 2006      },


 address        = { Keystone, Colorado      },
 month          = { August},

}





@inproceedings { chowdhary:afm:2006,
 author         = { Girish Chowdhary and Ravindra Jategaonkar      },
 title          = { Aerodynamic Parameter Estimation from Flight Data Applying Extended and Unscented Kalman Filter        },
 booktitle      = { AIAA Atmospheric Flight Mechanics Conference 2006 },
 year           = { 2006      },

 organization   = { German Aerospace Organization (DLR) },
 address        = { Keystone, Colarado      },
 month          = { August},

}





@inproceedings { geyer:gnc:2006,
 author         = { Mark S. Geyer and Eric N. Johnson      },
 title          = { 3D Obstacle Avoidance in Adversarial Environments for Unmanned Aerial Vehicles
        },
 booktitle      = { AIAA Guidance, Navigation, and Control Conference and Exhibit },
 year           = { 2006      },


 address        = { Keystone, Colorado      },
 month          = { August},
 note           = { AIAA 2006-6542         },
}





@inproceedings { ejohnson:gnc:2006,
 author         = { Eric N. Johnson and Michael Turbe and Allen Wu and Suresh K. Kannan and James C. Neidhoefer      },
 title          = { Flight Results of Autonomous Fixed-Wing UAV Transitions to and from Stationary Hover         },
 booktitle      = { AIAA Guidance, Navigation, and Control Conference and Exhibit },
 year           = { 2006      },


 address        = { Keystone, Colorado      },
 month          = { August},

}





@inproceedings { kim:gnc:2006,
 author         = { Byoung S. Kim and Anthony J. Calise and Ramachandra J. Sattigeri      },
 title          = { Adaptive, Integrated Guidance and Control Design for Line-of-Sight based Formation Flight        },
 booktitle      = { AIAA Guidance, Navigation, and Control Conference and Exhibit },
 year           = { 2006      },


 address        = { Keystone, Colorado      },
 month          = { August},

}





@inproceedings { roberts:gnc:2006,
 author         = { Patrick Roberts and Bong-Jun Yang and Anthony J. Calise and James I. Craig and Sathya Hanagud      },
 title          = { Adaptive Control of F/A-18 Vertical Tail Buffeting        },
 booktitle      = { AIAA Guidance, Navigation, and Control Conference and Exhibit },
 year           = { 2006      },


 address        = { Keystone, Colorado      },
 month          = { August},

}





@inproceedings { sattigeri:gnc:2006,
 author         = { Ramachandra J. Sattigeri and Anthony J. Calise      },
 title          = { Neural Network Augmented Kalman Filtering in the Presence of Unknown System Inputs        },
 booktitle      = { AIAA Guidance, Navigation, and Control Conference and Exhibit },
 year           = { 2006      },


 address        = { Keystone, Colorado      },
 month          = { August},

}





@inproceedings { watanabe:gnc:2006,
 author         = { Yoko Watanabe and Eric N. Johnson and Anthony J. Calise      },
 title          = { Vision-Based Guidance Design from Sensor Trajectory Optimization        },
 booktitle      = { AIAA Guidance, Navigation, and Control Conference and Exhibit },
 year           = { 2006      },


 address        = { Keystone, Colorado      },
 month          = { August},

}





@inproceedings { yang:gnc:2006,
 author         = { Bong-Jun Yang and Anthony J. Calise and James I. Craig and Mark S. Whorton      },
 title          = { Adaptive Control of Evolving Gossamer Structures        },
 booktitle      = { AIAA Guidance, Navigation, and Control Conference and Exhibit },
 year           = { 2006      },


 address        = { Keystone, Colorado      },
 month          = { August},

}





@inproceedings { calise:acc:2005,
 author         = { Anthony J. Calise and Eric N. Johnson and Ramachandra J. Sattigeri and Yoko Watanabe and Venkatesh Madyastha      },
 title          = { Estimation and Guidance Strategies for Vision-based Target Tracking        },
 booktitle      = { American Control Conference },
 year           = { 2005      },



 month          = { June},
 note           = { Tutorial Session         },
}





@inproceedings { chowdhary:gnc:2005,
 author         = { Girish Chowdhary and Sven Lorenz      },
 title          = { Control of a VTOL UAV via Online Parameter Estimation        },
 booktitle      = { AIAA Guidance, Navigation and Control Conference and Exhibit },
 year           = { 2005      },

 organization   = { German Aerospace Organization (DLR) },
 address        = { San Francisco, California      },
 month          = { August},

}





@inproceedings { chowdhary:ahs:2005,
 author         = { Girish Chowdhary and Sven Lorenz      },
 title          = { Non-Linear Model Identification for a Miniature Rotorcraft, Preliminary Results        },
 booktitle      = { American Helicopter Society 61th Annual Forum },
 year           = { 2005      },

 organization   = { German Aerospace Organization (DLR) },
 address        = { Grapevine, Texas, USA      },
 month          = { June},

}





@inproceedings { ejohnson:infotech:2005,
 author         = { Eric N. Johnson and Daniel P. Schrage and George Vachtsevanos      },
 title          = { Software Enabled Control Experiments with a University-operated Unmanned Aircraft.        },
 booktitle      = { AIAA Infotech@Aerospace Conference and Exhibit },
 year           = { 2005      },


 address        = { Arlington, Virginia      },
 month          = { September},

}





@inproceedings { kahn:gnc:2005,
 author         = { Aaron D. Kahn      },
 title          = { Implementation Details of an Adaptive Flight Controller        },
 booktitle      = { AIAA Guidance, Navigation and Control Conference and Exhibit },
 year           = { 2005      },


 address        = { San Francisco, California      },
 month          = { August},

}





@inproceedings { lambert:symposiumballistics:2005,
 author         = { David Lambert and Mathew Pope and Stanley Jones and Jonathan Muse      },
 title          = { Soft-Recovery of Explosively Formed Penetrators        },
 booktitle      = { International Symposium on Ballistics },
 year           = { 2005      },



 month          = { November},

}





@inproceedings { sattigeri:gnc:2005,
 author         = { Ramachandra J. Sattigeri and Anthony J. Calise and Byoung S. Kim and Konstantin Volyanskyy and Nakwan Kim      },
 title          = { 6-DOF Nonlinear Simulation of Vision-based Formation Flight        },
 booktitle      = { AIAA Guidance, Navigation and Control Conference and Exhibit },
 year           = { 2005      },


 address        = { San Francisco, California      },
 month          = { August},

}





@inproceedings { schwager:gnc:2005,
 author         = { Mac Schwager and Himani Jain and Anuradha M. Annaswamy and Eugene Lavretsky      },
 title          = { Towards Verifiable Adaptive Flight Control for Safety Critical Applications
        },
 booktitle      = { AIAA Guidance, Navigation and Control Conference and Exhibit },
 year           = { 2005      },


 address        = { San Francisco, California      },
 month          = { August},

}





@inproceedings { voorsluijs:gnc:2005,
 author         = { G M. Voorsluijs and J A. Mulder      },
 title          = { Parameter-dependent robust control for a rotorcraft UAV        },
 booktitle      = { AIAA Guidance, Navigation and Control Conference and Exhibit },
 year           = { 2005      },


 address        = { San Francisco, California      },
 month          = { August},

}





@inproceedings { yang:gnc:2005,
 author         = { Bong-Jun Yang and Anthony J. Calise and James I. Craig and Mark S. Whorton      },
 title          = { Adaptive Control for a Microgravity Vibration Isolation System         },
 booktitle      = { AIAA Guidance, Navigation and Control Conference and Exhibit },
 year           = { 2005      },


 address        = { San Francisco, California      },
 month          = { August},

}





@inproceedings { henrik:uu:2004,
 author         = { Henrik Christophersen and Robert W. Pickell and Adrian A. Koller and Suresh K. Kannan and Eric N. Johnson      },
 title          = { Small Adaptive Flight Control Systems for UAVs Using FPGA/DSP Technology         },
 booktitle      = { AIAA 3rd Unmanned Unlimited Technical Conference, Workshop and Exhibit },
 year           = { 2004      },


 address        = { Chicago, Illinois      },
 month          = { September},

}





@inproceedings { ha:acc:2004,
 author         = { Jin-Cheol Ha and Christopher Alvino and P Gallagher and Marc Niethammer and Eric N. Johnson and Allen Tannenbaum      },
 title          = { Active Contours and Optical Flow for Automatic Tracking of Flying Vehicles        },
 booktitle      = { American Control Conference },
 year           = { 2004      },


 address        = { Boston, MA      },
 month          = { June},

}





@inproceedings { naira:acc:2004,
 author         = { Naira Hovakimyan and Eugene Lavretsky and Bong-Jun Yang and Anthony J. Calise      },
 title          = { Coordinated decentralized adaptive output feedback control of interconnected systems        },
 booktitle      = { American Control Conference },
 year           = { 2004      },
 pages          = { 4279 - 4284        },

 address        = { Boston, MA      },
 month          = { June},

}





@inproceedings { ejohnson:cdc:2004,
 author         = { Eric N. Johnson and Anthony J. Calise and Ramachandra J. Sattigeri and Yoko Watanabe and Venkatesh Madyastha      },
 title          = { Approaches to Vision-Based Formation Control        },
 booktitle      = { IEEE Conference on Decision and Control },
 year           = { 2004      },



 month          = { December},
 note           = { Invited Session Paper         },
}





@inproceedings { kannan:mst:2004,
 author         = { Suresh K. Kannan and Adrian A. Koller and Eric N. Johnson      },
 title          = { Simulation and Development Environment for Multiple Heterogeneous UAVs        },
 booktitle      = { AIAA Modeling and Simulation Technologies Conference and Exhibit },
 year           = { 2004      },


 address        = { Providence, Rhode Island      },
 month          = { August},

}





@inproceedings { krauss:iac:2004,
 author         = { R Krauss and Wayne J. Book      },
 title          = { Stability in active mass damping control of a flexible robot        },
 booktitle      = { IEEE Aerospace Conference },
 year           = { 2004      },



 month          = { March},

}





@inproceedings { oh:gnc:2004,
 author         = { Seung-Min Oh and Eric N. Johnson      },
 title          = { Adaptive Control Using Combined Online and
Background Learning Neural Network        },
 booktitle      = { AIAA Guidance Navigation and Control Conference },
 year           = { 2004      },

 organization   = { Georgia Institute of Technology },
 address        = { Rhode Island Convention Center Providence, Rhode Island      },
 month          = { August},

}





@inproceedings { sattigeri:gnc:2004,
 author         = { Ramachandra J. Sattigeri and Anthony J. Calise and Johnny Evers      },
 title          = { An Adaptive Vision-based Approach to Decentralized Formation Control        },
 booktitle      = { AIAA Guidance Navigation and Control Conference },
 year           = { 2004      },


 address        = { Rhode Island Convention Center Providence, Rhode Island      },
 month          = { August},

}





@inproceedings { yang:acc:2004,
 author         = { Bong-Jun Yang and Anthony J. Calise and Naira Hovakimyan      },
 title          = { Augmenting adaptive output feedback control of uncertain nonlinear systems with actuator nonlinearities        },
 booktitle      = { American Control Conference },
 year           = { 2004      },
 pages          = { 4675 - 4680        },

 address        = { Boston, MA      },
 month          = { June},

}





@inproceedings { corban:gnc:2003,
 author         = { John E. Corban and Anthony J. Calise and J. V. R. Prasad and Gerhard Heynen and Benedikt Koenig and Jeong Hur      },
 title          = { Flight Evaluation of an Adaptive Velocity Command System for Unmanned Helicopters        },
 booktitle      = { AIAA Guidance, Navigation, and Control Conference and Exhibit },
 year           = { 2003      },


 address        = { Austin, Texas      },
 month          = { August},

}





@inproceedings { dewagter:dasc:2003,
 author         = { Christopher DeWagter and Alison Proctor and Eric N. Johnson      },
 title          = { Vision-Only Aircraft Flight Control        },
 booktitle      = { 22nd Digital Avionics Systems Conference },
 year           = { 2003      },


 address        = { Indianapolis, IN      },
 month          = { October},

}





@inproceedings { naira:cdc:2003,
 author         = { Naira Hovakimyan and Eugene Lavretsky and Anthony J. Calise and Ramachandra J. Sattigeri      },
 title          = { Decentralized Adaptive Output Feedback Control via InpuVOutput Inversion        },
 booktitle      = { Conference on Decision and Control },
 year           = { 2003      },



 month          = { December},

}





@inproceedings { kahn:dasc:2003,
 author         = { Aaron D. Kahn and Richard J. Foch      },
 title          = { Attitude command attitude hold and stability augmentation systems for a small-scale helicopter UAV        },
 booktitle      = { 22nd Digital Avionics Systems Conference },
 year           = { 2003      },


 address        = { Indianapolis, IN      },
 month          = { October},

}





@inproceedings { kannan:gnc:2003,
 author         = { Suresh K. Kannan and Eric N. Johnson      },
 title          = { Adaptive Control with a Nested Saturation Reference Model         },
 booktitle      = { AIAA Guidance, Navigation, and Control Conference and Exhibit },
 year           = { 2003      },


 address        = { Austin, Texas      },
 month          = { August},

}





@inproceedings { kannan:acc:2003,
 author         = { Suresh K. Kannan and Eric N. Johnson      },
 title          = { Nested Saturation with Guaranteed Real Poles        },
 booktitle      = { American Control Conference },
 year           = { 2003      },
 pages          = { 497 - 502        },

 address        = { Denver, CO      },
 month          = { June},

}





@inproceedings { proctor:auvsi:2003,
 author         = { Alison Proctor and Suresh K. Kannan and Chris Raabe and Henrik Christophersen and Eric N. Johnson      },
 title          = { Development of an Autonomous Aerial Reconnaissance System at Georgia Tech        },
 booktitle      = { Association for Unmanned Vehicle Systems International Unmanned Systems Symposium and Exhibition },
 year           = { 2003      },


 address        = { Baltimore, Maryland      },
 month          = { July},
 note           = { 2003 Aerial Robotics Entry Paper. Included in the Proceedings of the Symposium.         },
}





@inproceedings { sattigeri:gnc:2003,
 author         = { Ramachandra J. Sattigeri and Anthony J. Calise and Johnny Evers      },
 title          = { An Adaptive Approach to Vision-based Formation Control        },
 booktitle      = { AIAA Guidance, Navigation, and Control Conference and Exhibit },
 year           = { 2003      },


 address        = { Austin, Texas      },
 month          = { August},

}





@inproceedings { jshin:gnc:2003,
 author         = { Yoonghyun Shin and Matthew D. Johnson and Anthony J. Calise      },
 title          = { Neural Network-Based Adaptive Control for Nonlinear Flight Regimes        },
 booktitle      = { AIAA Guidance, Navigation, and Control Conference and Exhibit },
 year           = { 2003      },


 address        = { Austin, Texas      },
 month          = { August},

}





@inproceedings { sobers:sdm:2003,
 author         = { Michael Sobers      },
 title          = { Smart Structures for Control of Optical Surfaces        },
 booktitle      = { 44th AIAA/ASME/ASCE/AHS Structures, Structural Dynamics, and Materials Conference },
 year           = { 2003      },
 pages          = { 11        },
 organization   = { Air Force Institute of Technology },
 address        = { Norfolk, Virginia      },
 month          = { April},

}





@inproceedings { yang:acc:2003,
 author         = { Bong-Jun Yang and Anthony J. Calise and James I. Craig      },
 title          = { Adaptive output feedback control with input saturation        },
 booktitle      = { American Control Conference },
 year           = { 2003      },
 pages          = { 1572 - 1577        },

 address        = { Denver, CO      },
 month          = { June},

}





@inproceedings { yang:gnc:2003,
 author         = { Bong-Jun Yang and Naira Hovakimyan and Anthony J. Calise and James I. Craig      },
 title          = { Experimental Validation of an Augmenting Approach to Adaptive Control of Uncertain Nonlinear Systems          },
 booktitle      = { AIAA Guidance, Navigation, and Control Conference and Exhibit },
 year           = { 2003      },


 address        = { Austin, Texas      },
 month          = { August},

}





@inproceedings { zhang:ifacsfd:2003,
 author         = { Youmin Zhang and Jin Jiang      },
 title          = { Biographical Review on Reconfigurable Fault-Tolerant Control Systems        },
 booktitle      = { 5th IFAC Symposium on Fault Detection, Supervision and Safety for Technical Processes },
 year           = { 2003      },


 address        = { Washington, D. C      },
 month          = { June},

}





@inproceedings { calise:acc:2002,
 author         = { Anthony J. Calise and Bong-Jun Yang and James I. Craig      },
 title          = { Augmentation of an existing linear controller with an adaptive element        },
 booktitle      = { American Control Conference },
 year           = { 2002      },
 pages          = { 1549 - 1554        },

 address        = { Anchorage, AK      },
 month          = { May},

}





@inproceedings { calise:gnc:2002,
 author         = { Anthony J. Calise and Bong-Jun Yang and James I. Craig      },
 title          = {  An Augmenting Adaptive Approach to Control of Flexible Systems          },
 booktitle      = { AIAA Guidance, Navigation, and Control Conference and Exhibit },
 year           = { 2002      },


 address        = { Monterey, California      },
 month          = { August},

}





@inproceedings { naira:acc:2002,
 author         = { Naira Hovakimyan and Anthony J. Calise      },
 title          = { Adaptive output feedback control of uncertain multi-input multi-output systems using single hidden layer neural networks        },
 booktitle      = { American Control Conference },
 year           = { 2002      },
 pages          = { 1555 - 1560        },

 address        = { Anchorage, AK      },
 month          = { May},

}





@inproceedings { naira:cdc:2002,
 author         = { Naira Hovakimyan and Bong-Jun Yang and Anthony J. Calise      },
 title          = { An adaptive output feedback control methodology for non-minimum phase systems        },
 booktitle      = { Conference on Decision and Control },
 year           = { 2002      },
 pages          = { 949 - 954        },


 month          = { December},

}





@inproceedings { naira:cdc:2002b,
 author         = { Naira Hovakimyan and Anthony J. Calise and Venkatesh Madyastha      },
 title          = { An adaptive observer design methodology for bounded nonlinear processes        },
 booktitle      = { Conference on Decision and Control },
 year           = { 2002      },
 pages          = { 4700 - 4705        },


 month          = { December},

}





@inproceedings { ejohnson:gnc:2002,
 author         = { Eric N. Johnson and Suresh K. Kannan      },
 title          = { Adaptive Flight Control for an Autonomous Unmanned Helicopter        },
 booktitle      = { AIAA Guidance, Navigation, and Control Conference and Exhibit },
 year           = { 2002      },


 address        = { Monterey, California      },
 month          = { August},

}





@inproceedings { kannan:dasc:2002,
 author         = { Suresh K. Kannan and Eric N. Johnson      },
 title          = { Adaptive Trajectory based Control for Autonomous Helicopters        },
 booktitle      = { 21st Digital Avionics Systems Conference },
 year           = { 2002      },
 pages          = { 8D1-1 - 8D1-12        },

 address        = { Irvine, CA      },
 month          = { October},
 note           = { This paper won the Best Student Paper of Conference award         },
}





@inproceedings { shakernia:icra:2002,
 author         = { Omid Shakernia and Rene Vidal and Courtney Sharp and Yi Ma and Shankar Sastry      },
 title          = { Multiple View Motion Estimation and Control for Landing an Unmanned Aerial Vehicle        },
 booktitle      = { International Conference on Robotics and Automation },
 year           = { 2002      },


 address        = { Washington, DC      },
 month          = { May},

}





@inproceedings { calise:gnc:2001,
 author         = { Anthony J. Calise and Manu Sharma      },
 title          = {  Neural network augmentation of existing linear controllers          },
 booktitle      = { AIAA Guidance Navigation and Control Conference },
 year           = { 2001      },


 address        = { Montreal, Canada      },
 month          = { August},

}





@inproceedings { idan:acc:2001,
 author         = { Moshe Idan and Matthew D. Johnson and Anthony J. Calise and John Kaneshige      },
 title          = { Intelligent aerodynamic/propulsion flight control for flightsafety: a nonlinear adaptive approach        },
 booktitle      = { American Control Conference },
 year           = { 2001      },
 pages          = { 2918 - 2923        },

 address        = { Arlington, Virginia      },
 month          = { June},

}





@inproceedings { yavrucuk:afm:2001,
 author         = { Ilkay Yavrucuk and J. V. R. Prasad and Anthony J. Calise      },
 title          = { Adaptive limit detection and avoidance for carefree maneuvering        },
 booktitle      = { AIAA Atmospheric Flight Mechanics Conference and Exhibit },
 year           = { 2001      },


 address        = { Montreal, Canada      },
 month          = { August},

}





@inproceedings { young:erf:2001,
 author         = { Larry A. Young and Edwin Aiken      },
 title          = { VERTICAL LIFT PLANETARY AERIAL VEHICLES: THREE PLANETARY BODIES AND FOUR CONCEPTUAL DESIGN CASES        },
 booktitle      = { 27th European Rotorcraft Forum },
 year           = { 2001      },


 address        = { Moscow, Russia      },
 month          = { September},

}





@inproceedings { calise:gnc:2000,
 author         = { Anthony J. Calise and Manu Sharma      },
 title          = { Development of a reconfigurable flight control law for the X-36 tailless fighter aircraft          },
 booktitle      = { AIAA Guidance Navigation and Control Conference },
 year           = { 2000      },


 address        = { Denver, CO      },
 month          = { August},

}





@inproceedings { fernandes:pcac:2000,
 author         = { Joao M. Fernandes and Ricardo J. Machado      },
 title          = { Object-Oriented Inheritance of Statecharts for Control Applications        },
 booktitle      = { Portugese Conference on Automatic Control },
 year           = { 2000      },


 address        = { Guimaraes, Portugal
      },
 month          = { October},

}





@inproceedings { sharma:gnc:2000,
 author         = { Manu Sharma and Anthony J. Calise and John E. Corban      },
 title          = {  Application of an adaptive autopilot design to a family of guided munitions          },
 booktitle      = { AIAA Guidance Navigation and Control Conference },
 year           = { 2000      },


 address        = { Denver, CO      },
 month          = { August},

}





@inproceedings { wills:acc:2000,
 author         = { Linda M. Wills and Suresh K. Kannan and Bonnie S. Heck and George Vachtsevanos and Carlos Restrepo and Sam Sander and Daniel P. Schrage and J. V. R. Prasad      },
 title          = { An Open Software Infrastructure for Reconfigurable Control Systems        },
 booktitle      = { American Control Conference },
 year           = { 2000      },
 pages          = { 2799 - 2803        },

 address        = { Chicago, IL      },
 month          = { June},

}





@inproceedings { wills:dasc:2000,
 author         = { Linda M. Wills and Sam Sander and Suresh K. Kannan and Aaron D. Kahn and J. V. R. Prasad and Daniel P. Schrage      },
 title          = { An Open Control Platform for Reconfigurable, Distributed, Hierarchical Control Systems        },
 booktitle      = { 19th Digital Avionics Systems Conference },
 year           = { 2000      },


 address        = { Philadelphia, PA      },
 month          = { October},
 note           = { IEEE Certificate of Appreciation for Best Paper of Session Award.         },
}





@inproceedings { yavrucuk:mst:2000,
 author         = { Ilkay Yavrucuk and Suresh K. Kannan and J. V. R. Prasad and Daniel P. Schrage      },
 title          = { Simulation evaluation of a reconfigurable flight controller of a heli-UAV for extreme maneuvers        },
 booktitle      = { AIAA Modeling and Simulation Technologies Conference },
 year           = { 2000      },


 address        = { Denver, CO      },
 month          = { August},

}





@inproceedings { kannan:dasc:1999,
 author         = { Suresh K. Kannan and Carlos Restrepo and Ilkay Yavrucuk and Linda M. Wills and Daniel P. Schrage and J. V. R. Prasad      },
 title          = { Control Algorithm and Flight Simulation Integration using the Open Control Platform for Unmanned Aerial Vehicles        },
 booktitle      = { 18th Digital Avionics Conference },
 year           = { 1999      },


 address        = { St Louis, MO      },
 month          = { October},

}





@inproceedings { mcfarland:acc:1999,
 author         = { Michael B. McFarland and Rolf T. Rysdyk and Anthony J. Calise      },
 title          = { Robust adaptive control using single-hidden-layer feedforward neural networks        },
 booktitle      = { American Control Conference },
 year           = { 1999      },


 address        = { San Diego, CA      },
 month          = { June},

}





@inproceedings { rysdyk:acc:1999,
 author         = { Rolf T. Rysdyk and Flavio Nardi and Anthony J. Calise      },
 title          = { Robust adaptive nonlinear flight control applications using neural networks        },
 booktitle      = { American Control Conference },
 year           = { 1999      },


 address        = { San Diego, CA      },
 month          = { June},

}





@inproceedings { bicchi:ieeemed:1998,
 author         = { Antonio Bicchi and Domenico Prattichizzo and Alessia Marigo and Aldo Balestrino      },
 title          = { On the Observability of Mobile Vehicles Localization        },
 booktitle      = { IEEE Mediterranean Conference on Control and Automation },
 year           = { 1998      },


 address        = { Sardinia, Italy      },
 month          = { June},

}





@inproceedings { calise:gnc:1998,
 author         = { Anthony J. Calise and Seungjae Lee and Manu Sharma      },
 title          = { Direct adaptive reconfigurable control of a tailless fighter aircraft .        },
 booktitle      = { AIAA Guidance Navigation and Control Conference },
 year           = { 1998      },


 address        = { Boston, MA      },
 month          = { August},

}





@inproceedings { michelson:helijapan:1998,
 author         = { Robert C. Michelson and Daniel P. Schrage and Suresh K. Kannan      },
 title          = { Use of Autonomous Uninhabited Vehicles for Disaster Relief        },
 booktitle      = { Heli Japan, AHS International Meeting on Advanced Rotorcraft Technology and Disaster Relief },
 year           = { 1998      },
 pages          = { 365-374        },

 address        = { Gifu, Japan      },
 month          = { April},

}





@inproceedings { rysdyk:ica:1998,
 author         = { Rolf T. Rysdyk and Anthony J. Calise      },
 title          = { Adaptive nonlinear control for tiltrotor aircraft        },
 booktitle      = { IEEE International Conference on Control Applications  },
 year           = { 1998      },
 pages          = { 980 - 984        },

 address        = { Trieste, Italy      },
 month          = { September},

}





@inproceedings { simmons:iros:1998,
 author         = { Reid Simmons and David Apfelbaum      },
 title          = { A Task Description Language for Robot Control        },
 booktitle      = { Conference on Intelligent Robots and Systems },
 year           = { 1998      },


 address        = { Victoria, B.C, Canada      },
 month          = { October},

}





@inproceedings { gat:iac:1997,
 author         = { Erann Gat      },
 title          = { ESL: A Language for Supporting Robust Plan Execution in Embedded Autonomous Agents        },
 booktitle      = { IEEE Aerospace Conference },
 year           = { 1997      },


 address        = { Aspen, CO, USA      },
 month          = { February},

}





@inproceedings { pittet:cdc:1997,
 author         = { C Pittet and S Tarbouriech and C Burgat      },
 title          = { Stability Regions for Linear Systems with Saturating Controls via Circle and Popov Criteria        },
 booktitle      = { IEEE Conference on Decision and Control },
 year           = { 1997      },


 address        = { San Diego, California, USA      },
 month          = { December},

}





@inproceedings { delaurentis:smao:1996,
 author         = { Daniel DeLaurentis and Dimitri N. Mavris and Anthony J. Calise and Daniel P. Schrage      },
 title          = { Reduced order guidance methods and probabilistic techniques in addressing mission uncertainty        },
 booktitle      = { AIAA/ISSMO Symposium on Multidisciplinary Analysis and Optimization },
 year           = { 1996      },


 address        = { Bellevue, WA      },
 month          = { September},

}





@inproceedings { jiang:gnc:1996,
 author         = { T Y. Jiang and J. V. R. Prasad and Anthony J. Calise      },
 title          = { Adaptive fuzzy logic flight controller for Rotorcraft         },
 booktitle      = { AIAA Guidance Navigation and Control Conference },
 year           = { 1996      },


 address        = { San Diego, CA      },
 month          = { July},

}





@inproceedings { mcfarland:gnc:1996,
 author         = { Michael B. McFarland and Anthony J. Calise      },
 title          = { Neural-adaptive nonlinear autopilot design for an agile anti-air missile         },
 booktitle      = { AIAA Guidance Navigation and Control Conference },
 year           = { 1996      },


 address        = { San Diego, CA      },
 month          = { July},

}





@inproceedings { whorton:gnc:1996,
 author         = { Mark S. Whorton and Anthony J. Calise      },
 title          = { On-orbit tuning with mixed H2/H-infinity control        },
 booktitle      = { AIAA Guidance Navigation and Control Conference },
 year           = { 1996      },


 address        = { San Diego, CA      },
 month          = { July},

}





@inproceedings { buschek:aphc:1995,
 author         = { Harald Buschek and Anthony J. Calise      },
 title          = { Hypersonic Flight Control Design Using Fixed Order Robust Controllers        },
 booktitle      = { Sixth International Aerospace Planes and Hypersonics Technologies Conference },
 year           = { 1995      },


 address        = { Chattanooga, TN      },
 month          = { April},

}





@inproceedings { buschek:gnc:1995,
 author         = { Harald Buschek and Anthony J. Calise      },
 title          = { $\mu$\ Controllers: Mixed and Fixed        },
 booktitle      = { AIAA Guidance Navigation and Control Conference },
 year           = { 1995      },


 address        = { Baltimore, MD      },
 month          = { August},

}





@inproceedings { buschek:gnc:1994,
 author         = { Harald Buschek and Anthony J. Calise      },
 title          = { Fixed Order Robust Control Design for Hypersonic Vehicles        },
 booktitle      = { AIAA Guidance Navigation and Control Conference },
 year           = { 1994      },
 pages          = { 1094-1103        },

 address        = { Scottsdale, AZ      },
 month          = { August},

}





@inproceedings { kim:gnc:1994,
 author         = { Byoung S. Kim and Anthony J. Calise      },
 title          = { Nonlinear Flight Control using Neural Networks          },
 booktitle      = { AIAA Guidance Navigation and Control Conference },
 year           = { 1994      },
 pages          = { 930-940        },

 address        = { Scottsdale, AZ      },
 month          = { August},

}





@inproceedings { leitner:gnc:1994,
 author         = { Jesse Leitner and J. V. R. Prasad and Anthony J. Calise      },
 title          = { Nonlinear Control of Rotorcraft using Approximate Feedback Linearization and Online Neural Networks          },
 booktitle      = { AIAA Guidance Navigation and Control Conference },
 year           = { 1994      },
 pages          = { 1350-1357         },

 address        = { Scottsdale, AZ      },
 month          = { August},

}





@inproceedings { sweriduk:gnc:1994,
 author         = { Gregory D. Sweriduk and Anthony J. Calise      },
 title          = { A Differential Game Approach to the Mixed $H_2/H_\infty$ problem          },
 booktitle      = { AIAA Guidance Navigation and Control Conference },
 year           = { 1994      },
 pages          = { 1072-1082        },

 address        = { Scottsdale, AZ      },
 month          = { August},

}





@inproceedings { whorton:gnc:1994,
 author         = { Mark S. Whorton and Harald Buschek and Anthony J. Calise      },
 title          = { Homotopy Algorithms for Fixed Order $H_2$ and $H\infty$ design         },
 booktitle      = { AIAA Guidance Navigation and Control Conference },
 year           = { 1994      },
 pages          = { 1083-1093        },

 address        = { Scottsdale, AZ      },
 month          = { August},

}





@inproceedings { buschek:gnc:1993,
 author         = { Harald Buschek and Anthony J. Calise      },
 title          = { Robust control of hypersonic vehicles considering propulsive and aeroelastic effects          },
 booktitle      = { AIAA Guidance Navigation and Control Conference },
 year           = { 1993      },


 address        = { Monterey, CA      },
 month          = { August},

}





@inproceedings { calise:gnc:1993,
 author         = { Anthony J. Calise and Nahum Melamed      },
 title          = { Matched asymptotic expansion of the Hamilton-Jacobi-Bellman equation for aero-assisted plane-change maneuvers          },
 booktitle      = { AIAA Guidance Navigation and Control Conference },
 year           = { 1993      },
 pages          = { 456-465        },

 address        = { Monterey, CA      },
 month          = { August},

}





@inproceedings { markopoulos:gnc:1993,
 author         = { Nikos Markopoulos and Anthony J. Calise      },
 title          = { Near-optimal, asymptotic tracking in control problems involving state-variable inequality constraints          },
 booktitle      = { AIAA Guidance Navigation and Control Conference },
 year           = { 1993      },


 address        = { Monterey, CA      },
 month          = { August},

}





@inproceedings { mcfarland:gnc:1993,
 author         = { Michael B. McFarland and Anthony J. Calise      },
 title          = { A hybrid approach to near-optimal atmospheric guidance for aeroassisted orbit transfer maneuvers          },
 booktitle      = { AIAA Guidance Navigation and Control Conference },
 year           = { 1993      },
 pages          = { 1423-1430        },

 address        = { Monterey, CA      },
 month          = { August},

}





@inproceedings { yillikci:iplc:1993,
 author         = { Y K. Yillikci and J. V. R. Prasad      },
 title          = { Blade response simulations of flap controlled stopped rotors        },
 booktitle      = { AIAA International Powered Lift Conference },
 year           = { 1993      },
 pages          = { 141-150        },

 address        = { Santa Clara, CA      },
 month          = { December},

}





@inproceedings { menon:gnc:1991,
 author         = { P Menon and G Chatterji and V Cheng      },
 title          = { Two-Time-Scale Autopilot for High Performance Aircraft        },
 booktitle      = { AIAA Guidance Navigation and Control Conference },
 year           = { 1991      },


 address        = { New Orleans, LA      },
 month          = { August},

}





@inproceedings { sussmann:cdc:1991,
 author         = { Hector Sussmann and Y Yang      },
 title          = { On the Stabilizability of Multiple Integrators by means of Bounded Feedback Controls        },
 booktitle      = { IEEE Conference on Decision and Control },
 year           = { 1991      },


 address        = { Brighton, UK      },
 month          = { December},

}





@inproceedings { sontag:cdc:1988,
 author         = { Eduardo Sontag      },
 title          = { Some Complexity Questions regarding Controllability        },
 booktitle      = { IEEE Conference on Decision and Control },
 year           = { 1988      },


 address        = { Austin, Texas, USA      },
 month          = { December},

}




#### inbook ####



@incollection { claus:inbook:2011,
 author         = { Claus Christmann and Eric N. Johnson      },
 title          = { Visibility Cues for Communication Aware Guidance in Cluttered Environments         },
 booktitle      = { Advances in Aerospace Guidance, Navigation and Control
Selected Papers of the 1st CEAS Specialist Conference on Guidance, Navigation and Control  },
 year           = { 2011      },

 pages          = { 187-198        },
 publisher      = { Springer Verlag },
 address        = { Berlin, Germany.      },

 note           = { The original publication is available at www.springerlink.com.
(http://dx.doi.org/10.1007/978-3-642-19817-5_15)         },
}





@incollection { wills:inbook:2003,
 author         = { Linda M. Wills and Suresh K. Kannan and Sam Sander and Murat Guler and Bonnie S. Heck and J. V. R. Prasad and Daniel P. Schrage and George Vachtsevanos      },
 title          = { A Prototype Open Control Platform for Reconfigurable Control Systems        },
 booktitle      = { Software-Enabled Control: Information Technology for Dynamical Systems  },
 year           = { 2003      },

 pages          = { Chap 5, pages 63-84        },
 publisher      = { Wiley Publishers },
 address        = { 605 Third Avenue, New York, NY 10158      },


}




#### book ####



@book { holzapfel:book:2011,
 author         = { Florian Holzapfel      },
 title          = { Advances in Aerospace Guidance, Navigation and Control
Selected Papers of the 1st CEAS Specialist Conference on Guidance, Navigation and Control        },
 publisher      = { Springer Verlag },
 year           = { 2011      },
 address        = { Berlin, Germany.      },


 edition        = { 1      },


}





@book { haddad:book:2008,
 author         = { Wassim M. Haddad and Vijayshekar Chellaboina      },
 title          = { Nonlinear Dynamical Systems and Control: A Lyapunov-Based Approach        },
 publisher      = { Princeton University Press },
 year           = { 2008      },
 address        = { 41 William Street, Princeton, New Jersey 08540      },





}





@book { valavanis:book:2007,
 author         = { Kimon P. Valavanis      },
 title          = { Advances in Unmanned Aerial Vehicles: State of the Art and the Road to Autonomy        },
 publisher      = { Springer Verlag },
 year           = { 2007      },
 address        = { Berlin, Germany.      },





}





@book { samad:book:2003,
 author         = { Tariq Samad and Gary Balas      },
 title          = { Software-Enabled Control: Information Technology for Dynamical Systems        },
 publisher      = { Wiley Publishers },
 year           = { 2003      },
 address        = { 605 Third Avenue, New York, NY 10158      },


 edition        = { 1st      },


}





@book { stevens:book:2003,
 author         = { Brian L. Stevens and Frank L. Lewis      },
 title          = { Aircraft Control and Simulation        },
 publisher      = { John Wiley and Sons },
 year           = { 2003      },
 address        = { 111 River Street,
Hoboken,
NJ 07030-5774      },





}





@book { samek:book:2002,
 author         = { Miro Samek      },
 title          = { Practical Statecharts in C/C++: Quantum Programming for Embedded Systems        },
 publisher      = { Elsevier Science \& Technology Books },
 year           = { 2002      },
 address        = { USA      },



 month          = { January},

}





@book { spooner:book:2002,
 author         = { J T. Spooner and M Maggiore and R Ordonez and K M. Passino      },
 title          = { Stable Adaptive Control and Estimation for Nonlinear Systems, Neural and Fuzzy Approximator Techniques        },
 publisher      = { Wiley Publishers },
 year           = { 2002      },
 address        = { 605 Third Avenue, New York, NY 10158      },





}





@book { barshalom:book:2001,
 author         = { Y Bar-Shalom and X R. Li and T Kirubarajan      },
 title          = { Estimation wtih Applications to Tracking and Navigation : Theory, Algorithms and Software        },
 publisher      = { Wiley-Interscience },
 year           = { 2001      },
 address        = { New York      },





}





@book { hu:book:2001,
 author         = { Tingshu Hu and Zongli Lin      },
 title          = { Control Systems with Actuator Saturation : Analysis and Design        },
 publisher      = { Birkha\"{u}ser },
 year           = { 2001      },
 address        = { New York, NY      },





}





@book { isidori:book:1999,
 author         = { Alberto Isidori      },
 title          = { Nonlinear Control Systems II        },
 publisher      = { Springer Verlag },
 year           = { 1999      },
 address        = { Berlin, Germany.      },





}





@book { vicente:book:1999,
 author         = { Kim J. Vicente      },
 title          = { Cognitive Work Analysis: Toward Safe, Productive, and Healthy Computer-Based Work        },
 publisher      = { Lawrence Erlbaum Associates, Inc., Publishers },
 year           = { 1999      },
 address        = { 10 Industrial Avenue, Mahwah, NJ 07430      },





}





@book { khalil:book:1992,
 author         = { Hassan Khalil      },
 title          = { Nonlinear Systems        },
 publisher      = { Macmillan Publishing Company },
 year           = { 1992      },
 address        = { New York, NY      },





}





@book { stevens:book:1992,
 author         = { Brian L. Stevens and Frank L. Lewis      },
 title          = { Aircraft Control and Simulation        },
 publisher      = { John Wiley and Sons },
 year           = { 1992      },
 address        = { 111 River Street,
Hoboken,
NJ 07030-5774      },





}





@book { slotine:book:1991,
 author         = { Jean-Jacques E. Slotine and Weiping Li       },
 title          = { Applied Nonlinear Control        },
 publisher      = { Prentice-Hall  },
 year           = { 1991      },
 address        = { Englewood Cliffs, NJ      },





}





@book { isidori:book:1989,
 author         = { Alberto Isidori      },
 title          = { Nonlinear Control Systems        },
 publisher      = { Springer Verlag },
 year           = { 1989      },
 address        = { Berlin, Germany.      },





}




#### manual ####



@manual { uavroadmap2011,
 title          = { Unmanned Systems Integrated Roadmap 2011-2036        },
 author         = { James A. Winnefeld and Frank Kendall      },
 organization   = { Department of Defense },
 address        = { 1000 Defense Pentagon  Washington, DC 20301      },


 year           = { 2011      },

}





@manual { apex,
 title          = { The APEX Reference Manual        },
 author         = { Michael Freed and Eric Dahlman and Michael Dalal and Robert Harris and Reagan Jew      },
 organization   = { NASA Ames },
 address        = { Ames Research Center, Moffet Field, California      },
 edition        = { 2.4.8      },
 month          = { March},
 year           = { 2004      },

}




#### phd ####



@phdthesis { chowdhary:phd,
 author         = { Girish Chowdhary      },
 title          = { CONCURRENT LEARNING FOR CONVERGENCE IN ADAPTIVE CONTROL WITHOUT PERSISTENCY OF
EXCITATION        },
 school         = { Georgia Institute of Technology },
 year           = { 2010      },
 address        = { 270 Ferst Drive, Atlanta GA 30332, U.S.A.      },
 month          = { November},

}





@phdthesis { kumeresan:phd,
 author         = { Kumeresan A. Danapalasingam      },
 title          = { Robust Stabilization and Disturbance Rejection for Autonomous Helicopter        },
 school         = { Aalborg University },
 year           = { 2010      },
 address        = { Fredrik Bajers Vej 7, Aalborg, Denmark      },
 month          = { October},

}





@phdthesis { sobers:phd,
 author         = { Michael Sobers      },
 title          = { Experience with Highly Automated Unmanned Aircraft Performing Complex Missions         },
 school         = { Georgia Institute of Technology },
 year           = { 2010      },
 address        = { 270 Ferst Drive, Atlanta GA 30332, U.S.A.      },


}





@phdthesis { bisgaard:phd,
 author         = { Morten Bisgaard      },
 title          = { Modeling, Estimation, and Control of Helicopter Slung Load System        },
 school         = { Aalborg University },
 year           = { 2007      },
 address        = { Fredrik Bajers Vej 7
9220 Aalborg
Denmark      },
 month          = { November},

}





@phdthesis { sattigeri:phd,
 author         = { Ramachandra J. Sattigeri      },
 title          = { Adaptive Estimation and Control with Application to Vision-based Autonomous Formation Flight        },
 school         = { Georgia Institute of Technology },
 year           = { 2007      },
 address        = { 270 Ferst Drive, Atlanta GA 30332, U.S.A.      },
 month          = { August},

}





@phdthesis { watanabe:phd,
 author         = { Yoko Watanabe      },
 title          = { Stochastically Optimized Monocular Vision-Based Navigation and Guidance        },
 school         = { Georgia Institute of Technology },
 year           = { 2007      },
 address        = { 270 Ferst Drive, Atlanta GA 30332, U.S.A.      },
 month          = { November},

}





@phdthesis { suraj:phd,
 author         = { Suraj Unnikrishnan      },
 title          = { Adaptive Envelope Protection Methods for Aircraft        },
 school         = { Georgia Institute of Technology },
 year           = { 2006      },
 address        = { 270 Ferst Drive, Atlanta GA 30332, U.S.A.      },
 month          = { May},

}





@phdthesis { kannan:phd,
 author         = { Suresh K. Kannan      },
 title          = { Adaptive Control of Systems in Cascade with Saturation        },
 school         = { Georgia Institute of Technology },
 year           = { 2005      },
 address        = { 270 Ferst Drive, Atlanta GA 30332, U.S.A.      },
 month          = { December},

}





@phdthesis { kutay:phd,
 author         = { Ali T. Kutay      },
 title          = { Neural Network Based Adaptive Output Feedback Control: Applications and Improvements        },
 school         = { Georgia Institute of Technology },
 year           = { 2005      },
 address        = { 270 Ferst Drive, Atlanta GA 30332, U.S.A.      },
 month          = { December},

}





@phdthesis { lee:phd,
 author         = { Seungjae Lee      },
 title          = { Neural Network Based Adaptive Control and Its Applications to Aerial Vehicles        },
 school         = { Georgia Institute of Technology },
 year           = { 2001      },
 address        = { 270 Ferst Drive, Atlanta GA 30332, U.S.A.      },
 month          = { April},

}





@phdthesis { sharma:phd,
 author         = { Manu Sharma      },
 title          = { A Neuro-Adaptive Autopilot Design for Guided Munitions        },
 school         = { Georgia Institute of Technology },
 year           = { 2001      },
 address        = { 270 Ferst Drive, Atlanta GA 30332, U.S.A.      },
 month          = { April},

}





@phdthesis { ejohnson:phd,
 author         = { Eric N. Johnson      },
 title          = { Limited Authority Adaptive Flight Control        },
 school         = { Georgia Institute of Technology },
 year           = { 2000      },
 address        = { 270 Ferst Drive, Atlanta GA 30332, U.S.A.      },


}





@phdthesis { nardi:phd,
 author         = { Flavio Nardi      },
 title          = { Neural Network based Adaptive Algorithms for Nonlinear Control        },
 school         = { Georgia Institute of Technology },
 year           = { 2000      },
 address        = { 270 Ferst Drive, Atlanta GA 30332, U.S.A.      },
 month          = { November},

}





@phdthesis { rysdyk:phd,
 author         = { Rolf T. Rysdyk      },
 title          = { Adaptive Nonlinear Flight Control        },
 school         = { Georgia Institute of Technology },
 year           = { 1998      },
 address        = { 270 Ferst Drive, Atlanta GA 30332, U.S.A.      },
 month          = { November},

}





@phdthesis { whorton:phd,
 author         = { Mark S. Whorton      },
 title          = { High Performance, Robust Control of Flexible Space Structures        },
 school         = { Georgia Institute of Technology },
 year           = { 1997      },
 address        = { 270 Ferst Drive, Atlanta GA 30332, U.S.A.      },
 month          = { August},

}





@phdthesis { buschek:phd,
 author         = { Harald Buschek      },
 title          = { Synthesis of Fixed Order Controllers with Robustness to Mixed Real/Complex Uncertainties        },
 school         = { Georgia Institute of Technology },
 year           = { 1995      },
 address        = { 270 Ferst Drive, Atlanta GA 30332, U.S.A.      },


}




#### talk ####



@misc { kannan:talk:2010,
 author         = { Suresh K. Kannan      },
 title          = { Flight Testing Unmanned Systems at the UAV Research Facility        },
 year           = { 2010      },
 month          = { May},
 howpublished   = { Invited Seminar, United Technologies Research Center, Hartford, CT},

}





@misc { kannan:talk:2010b,
 author         = { Suresh K. Kannan      },
 title          = { Systems in Cascade, Nonlinear Reference Models and Saturation        },
 year           = { 2010      },
 month          = { October},
 howpublished   = { Invited Seminar, Aalborg University, Denmark, Fredrik Bajers Vej 7B, 9220 Aalborg, Denmark },

}





@misc { kannan:talk:2009,
 author         = { Suresh K. Kannan      },
 title          = { Adaptive Control and its Application to Unmanned Systems        },
 year           = { 2009      },
 month          = { April},
 howpublished   = { Invited Seminar, SAIC, Huntsville, Alabama},

}





@misc { kannan:talk:2009b,
 author         = { Suresh K. Kannan      },
 title          = { Adaptive Control in the Presence of Actuator Saturation        },
 year           = { 2009      },
 month          = { April},
 howpublished   = { Invited Seminar, University of Alabama, Huntsville, Huntsville, Alabama},

}





@misc { neale:talk:2007,
 author         = { M Neale and A Zeitlin and Eric N. Johnson      },
 title          = { UAS/NAS Forum: Technology Milestones Necessary for UAS Certification        },
 year           = { 2007      },
 month          = { May},
 howpublished   = { AIAA Infotech@Aerospace Conference, Rohnert Park, California},

}





@misc { kannan:talk:2003,
 author         = { Suresh K. Kannan      },
 title          = { Research at the Georgia Tech UAV Research Facility        },
 year           = { 2003      },
 month          = { November},
 howpublished   = { Talk, Georgia Tech Robotics Initiative, Atlanta, GA},

}




#### masters ####



@mastersthesis { claus:masters,
 author         = { Claus Christmann      },
 title          = { Self-configuring Ad-hoc Networks for Unmanned Aerial Systems        },
 school         = { Georgia Institute of Technology },
 year           = { 2008      },
 address        = { 270 Ferst Drive, Atlanta GA 30332, U.S.A.      },
 month          = { April},

}





@mastersthesis { lyasoff:masters,
 author         = { Rodin Lyasoff      },
 title          = { Syntax-Based Guidance for Autonomous Aggressive Aerobatics in Urban Environments        },
 school         = { Massachussetts Institute of Technology },
 year           = { 2004      },
 address        = { Cambridge, MA      },
 month          = { September},

}





@mastersthesis { sobers:masters,
 author         = { Michael Sobers      },
 title          = { Smart Structures for Control of Optical Surfaces        },
 school         = { Air Force Institute of Technology },
 year           = { 2002      },
 address        = { Wright-Patterson Air Force Base, Ohio      },
 month          = { March},

}





@mastersthesis { munzinger:masters,
 author         = { Christian Munzinger      },
 title          = { Development of a Real-Time Flight Simulator for An Experimental Model Helicopter        },
 school         = { Georgia Institute of Technology },
 year           = { 1998      },
 address        = { 270 Ferst Drive, Atlanta GA 30332, U.S.A.      },


}




#### techreport ####



@techreport { yang:techreport:2005,
 author         = { Bong-Jun Yang and Anthony J. Calise and James I. Craig and Mark S. Whorton      },
 title          = { Adaptive Control for a Microgravity Vibration Isolation System        },
 institution    = { NASA Marshall Space Flight Center },
 year           = { 2005      },
 address        = { Huntsville, Alabama      },



}





@techreport { welch:techreport:2004,
 author         = { G Welch and G Bishop      },
 title          = { An Introduction to the Kalman Filter        },
 institution    = { University of North Carolina at Chapel Hill },
 year           = { 2004      },
 address        = { Chapel Hill, North Carolina      },


 note           = { TR 95-041         },
}





@techreport { stuckey:techreport:2001,
 author         = { R A. Stuckey      },
 title          = { Mathematical Modeling of Helicopter Slung-Load Systems        },
 institution    = { Defence Science And Technology Organisation },
 year           = { 2001      },
 address        = { Aeronautical and Maritime Research Laboratory, 506 Lorimer Street, Fishermans Bend, Victoria, Australia 3207      },

 month          = { December},
 note           = { ﻿DSTO–TR–1257         },
}





@techreport { kannan:techreport:2000,
 author         = { Suresh K. Kannan and Aaron D. Kahn and Ilkay Yavrucuk      },
 title          = { Georgia Tech Martian Autonomous Rotorcraft System - Flight Computer Architecture        },
 institution    = { Georgia Institute of Technology },
 year           = { 2000      },
 address        = { 270 Ferst Drive, Atlanta GA 30332, U.S.A.      },

 month          = { June},
 note           = { This report won 1st place in the 2000 American Helicopter Society Graduate Design Competition. It documents the avionics, software, guidance, navigation and control system architecture for a rotorcraft system designed to fly and explore the planet Mars.         },
}





@techreport { cicolani:techreport:1992,
 author         = { Luigi S. Cicolani and Gerd Kanning      },
 title          = { Equations of Motion of Slung-Load Systems, Including Multilift Systems        },
 institution    = { NASA Ames },
 year           = { 1992      },
 address        = { Ames Research Center, Moffet Field, California      },

 month          = { November},
 note           = { NASA Technical Paper 3280         },
}
