% This file was created with JabRef 2.7.2.
% Encoding: Cp1252

@ARTICLE{kendoul:jfr:2012,
  author = {F. Kendoul},
  title = {A Survey of Advances in Guidance, Navigation and Control of Unmanned
	Rotorcraft Systems},
  journal = {Journal of Field Robotics},
  year = {2012},
  volume = {To Appear},
  owner = {kannans},
  timestamp = {2012.08.09}
}

@ARTICLE{kendoul:jgcd:2007,
  author = {F. Kendoul and L. David and I. Fantoni and R. Lozano},
  title = {Real-Time Nonlinear Embedded Control for an Autonomous Quad-Rotor
	Helicopter},
  journal = {AIAA Journal of Guidance, Control, and Dynamics},
  year = {2007},
  volume = {30},
  pages = {1049-1061},
  number = {4},
  owner = {kannans},
  timestamp = {2012.08.09}
}

@ARTICLE{kendoul:itr:2006,
  author = {F. Kendoul and I. Fantoni and R. Lozano},
  title = {Modeling and Control of a Small Autonomous Aircraft Having Two Tilting
	Rotors},
  journal = {IEEE Transactions on Robotics},
  year = {2006},
  volume = {22},
  pages = {1297-1302},
  number = {6},
  owner = {kannans},
  timestamp = {2012.08.09}
}

@ARTICLE{kendoul:jfr:2010,
  author = {F. Kendoul and Z. Yu and K. Nonami},
  title = {Guidance and Nonlinear Control System for Autonomous Flight of Mini-rotorcraft
	Unmanned Aerial Vehicles},
  journal = {Journal of Field Robotics},
  year = {2010},
  volume = {27},
  pages = {311–334},
  number = {3},
  owner = {kannans},
  timestamp = {2012.08.09}
}

